3084 4800
657 437 760 523 ..7
801 493 843 504 ..

206 639 381 705 daemoniis
410 649 537 704 coaetos
567 640 750 726 permisisse
776 640 910 725 legimus
941 640 1085 725 fugitiuis
1107 641 1140 704 in
1161 641 1298 725 patriam
1334 647 1339 661 ¹

204 772 309 838 redire
325 781 357 837 et
369 772 506 837 reuersis
519 755 555 837 ut
575 771 785 837 redderentur
805 765 847 838 τὰ
868 771 999 859 ἐμφανῆ
1018 766 1169 859 κτήματα
1191 767 1298 839 deere-

205 906 299 988 uisse,
324 926 406 990 quae
427 902 556 989 quidem
577 925 616 969 ea
636 903 736 969 fuisse
756 905 909 990 suspicor,
932 927 1014 992 quae
1034 900 1242 990 ante'fugam
1263 928 1299 971 se

205 1037 355 1103 habuisse
382 1038 547 1102 etiamtum
573 1037 792 1123 unusquisque
819 1037 953 1104 testibus
975 1038 1163 1105 confirmare
1183 1040 1297 1126 potuit,

207 1191 340 1257 quorum
362 1171 460 1255 igitur
480 1170 655 1255 possessio,
677 1180 713 1235 ut
736 1171 783 1236 ita
807 1170 929 1256 dicam,
951 1181 1048 1237 antea
1069 1181 1138 1237 erat
1159 1164 1296 1258 φανερά.

207 1302 329 1369 Contra
344 1304 371 1367 si
386 1303 576 1389 quaerimus,
598 1325 681 1390 quae
694 1305 895 1390 potissimum
914 1327 966 1370 res
988 1305 1030 1370 ad
1051 1294 1168 1371 οὐσίαν
1187 1294 1299 1390 ἀφανῆ

205 1436 434 1523 pertinuerint,
465 1438 635 1522 pecuniam
657 1436 728 1502 dieo
758 1446 791 1503 st
819 1458 963 1522 gemmas
984 1447 1016 1504 et
1036 1437 1168 1503 monilia
1188 1459 1297 1502 omnes

206 1570 343 1657 denique
357 1593 409 1636 res
430 1573 597 1658 pretiosas,
618 1591 702 1655 quae
721 1569 865 1636 vestibus
886 1573 938 1637 vel
960 1572 1048 1636 eistis
1069 1570 1164 1636 condi
1185 1570 1297 1636 solent.

206 1703 394 1769 Tenendum
415 1713 521 1768 tamen
544 1712 610 1786 est,
632 1724 674 1768 ne
694 1702 774 1768 haee
791 1702 919 1790 quidem
940 1725 1081 1788 semper,
1102 1702 1135 1768 id
1151 1701 1236 1788 quod
1257 1725 1297 1768 ex

205 1834 289 1901 Isaei
308 1836 379 1900 loeo
406 1857 503 1922 supra
523 1845 770 1900 commemorato
791 1835 945 1920 videmus,
967 1835 1110 1901 occultae
1130 1836 1157 1899 si
1179 1835 1228 1900 fas
1249 1845 1298 1901 est

205 1969 311 2034 dioere
325 1966 517 2054 possessioni
531 1968 772 2034 adnumeranda
786 1991 865 2052 esse,
888 1989 959 2033 eum
973 1969 1159 2054 saepissime
1178 1969 1298 2033 factum

206 2103 265 2187 sit,
293 2111 331 2167 ut
350 2103 402 2168 vel
424 2125 462 2167 ea
482 2103 633 2189 peounia,
662 2123 758 2189 quam
786 2102 856 2189 quis
878 2124 914 2167 se
933 2100 1096 2188 possidere
1117 2100 1297 2166 hominibus

206 2235 404 2301 dissimulare
434 2233 613 2319 studebat,
630 2206 743 2299 revera
762 2243 847 2300 esset
867 2227 1011 2320 φανερὰ,
1039 2233 1138 2299 veluti
1159 2234 1193 2298 in
1212 2228 1297 2300 Isaei

206 2366 246 2434 de
266 2367 421 2452 Dicaeog.
443 2364 550 2433 hered.
571 2368 592 2447 ἕ
612 2366 654 2433 35
678 2374 846 2432 aecusator
867 2388 909 2432 ne
929 2367 1151 2451 Dieaeogenes
1172 2366 1296 2433 simuls-

204 2503 291 2566 tione
304 2501 503 2588 paupertatis
517 2465 657 2566 iudicum
677 2500 801 2565 animos
822 2499 864 2565 ad
884 2498 1134 2565 misericordiam
1155 2498 1298 2587 impellat

204 2635 324 2699 veritus
338 2634 426 2699 illum
440 2657 505 2699 non
520 2634 567 2700 ita
579 2655 753 2721 pauperem
767 2656 838 2699 esse
855 2633 1004 2720 ostendit,
1026 2633 1082 2700 sed
1097 2634 1197 2700 multa
1210 2632 1296 2699 domi

204 2767 330 2851 habere,
349 2789 431 2855 quae
445 2768 605 2833 oeeultare
620 2766 755 2834 studeat.
801 2751 908 2846 Οὗτος
921 2760 994 2854 γὰρ,
1015 2768 1070 2852 ait,
1090 2758 1297 2855 παραλαβὼν

202 2893 265 2967 τὸν
292 2905 416 2987 κλῆρον
451 2902 530 2989 παρ’
558 2892 652 2987 ὑμῶν
680 2902 828 2988 φέροντα
855 2902 1112 2987 μίσθωσιντοῦ
1139 2899 1296 2968 irrueret

204 3024 410 3121 ὀγδοήκοντα
446 3039 544 3121 μνᾶς,
575 3029 837 3122 καρπωσάμενος
872 3023 978 3101 αὐτὸν
1010 3033 1090 3100 δέκα
1124 3031 1182 3121 ἔτη
1217 3024 1295 3102 οὔτε

204 3157 363 3254 ἀργύριον
384 3158 549 3254 ὡμολόγει
566 3172 750 3255 κεκτῆσθαι
771 3158 850 3235 οὔτε
871 3155 953 3234 ὅποι
973 3157 1144 3253 ἀνήλωσεν
1163 3165 1233 3252 ἔχοι
1253 3156 1296 3232 ἂν

203 3298 380 3380 ἐπιδεῖξαι,
408 3285 582 3386 ὧᾶνδρες.
625 3299 666 3365 In
691 3310 770 3366 orat.
792 3309 899 3367 autem
921 3298 1039 3387 [Demi
1061 3324 1087 3365 o.
1110 3297 1294 3385 Olympiod.

203 3454 234 3517 p.
259 3433 339 3498 1170
360 3435 379 3514 ᾖ
404 3433 443 3497 12
463 3434 594 3517 nummi,
616 3453 696 3519 quos
716 3434 876 3499 mensurio
898 3434 969 3519 quis
987 3430 1121 3499 tradidit
1139 3442 1172 3499 et
1193 3433 1234 3498 ab
1256 3455 1295 3498 eo

203 3565 338 3630 traditos
355 3587 426 3631 esse
446 3564 590 3631 homines
612 3565 767 3651 sciebant,
789 3568 930 3653 φανεροὶ
951 3564 1100 3632 dicuntur
1121 3554 1295 3652 (ἀργύριον

203 3696 264 3764 d'e's'
289 3721 323 3763 τι
348 3697 528 3764 κατέλιπεν
556 3688 575 3763 ὃ
599 3686 719 3764 Κόνων
749 3691 897 3784 φανερὸν
924 3697 981 3765 ἐπὶ
1006 3702 1049 3783 τῇ
1079 3698 1226 3785 τραπέζῃ
1252 3703 1293 3784 τῇ

198 3820 424 3916 Ἡρακλείδου)
440 3850 511 3894 oum
525 3819 684 3915 ἀργύριον
697 3839 824 3896 tantum
842 3822 883 3897 τὸ
906 3828 1004 3897 ἔνδον
1023 3832 1187 3917 κείμενον,
1208 3830 1293 3918 quod

202 3964 236 4027 in
250 3963 288 4027 iis
303 3984 385 4049 quae
399 3971 575 4048 sequuntur
589 3973 863 4049 commemoratur,
886 3963 1027 4030 Cononis
1047 3985 1116 4030 rem
1137 3964 1293 4030 occultam

203 4094 328 4161 efficiat.
370 4093 468 4160 Haud
482 4116 574 4178 secus
588 4095 622 4161 in
636 4094 807 4182 hypothesi
822 4093 964 4161 eiusdem
985 4095 1137 4160 orationis
1158 4117 1190 4182 p.
1214 4096 1293 4161 1165

202 4228 287 4293 inter
316 4227 534 4294 Callistratum
567 4238 600 4295 et
630 4228 897 4315 Olympiodorum
933 4229 1121 4294 convenisse
1158 4227 1292 4313 legimus
