3084 4800
637 483 844 549 ..13-

195 657 309 745 αάσὶας
322 632 565 752 significatione,
587 665 703 754 quibus
718 664 896 731 ostendisse
915 663 994 728 mihi
1014 662 1125 728 videor
1145 657 1188 729 τὰ
1207 663 1288 750 χρέα

195 804 215 867 i.
237 825 263 868 e.
286 801 396 868 debita
416 803 484 867 sive
505 795 627 868 credita
646 800 765 866 Atticis
787 799 887 865 fuisse
907 787 1035 883 ἀφανῆ,
1064 819 1136 863 cum
1157 806 1213 862 aut
1233 819 1286 883 pe

196 936 322 1030 cuniam
335 943 535 1001 numeratam
549 943 605 1000 aut
619 943 747 1020 praeter
760 932 842 1018 χρέα
863 952 990 997 omnem
1011 952 1079 996 rem
1100 931 1290 996 familiarem

195 1077 397 1154 praesentem
417 1069 619 1133 nominarent
639 1059 798 1152 φανεράν.
1322 1031 1325 1035 ⁴

278 1200 392 1266 Restat
418 1202 482 1265 iam
510 1201 608 1266 tertia
636 1199 828 1284 significatio
851 1219 946 1285 quam
968 1199 1069 1264 solam
1089 1197 1292 1283 Koutorgam

196 1335 369 1417 agnovisse
389 1355 487 1420 supra
507 1334 583 1415 dixi,
606 1332 783 1401 secundum
804 1354 900 1418 quam
921 1325 1050 1418 φανερὰ
1072 1341 1163 1398 erant
1184 1333 1292 1397 omnia

197 1488 236 1531 ea
249 1466 345 1550 bona,
366 1466 452 1532 unde
466 1466 621 1533 tributum
638 1466 736 1553 pendi
755 1488 887 1532 necesse
908 1475 987 1550 erat,
1008 1455 1121 1552 ἀφανῆ
1141 1488 1188 1550 ea,
1210 1487 1293 1550 quae

123 1635 125 1638 ⁴
198 1609 289 1664 erant
324 1601 486 1666 immunia.
538 1599 609 1666 Iam
636 1599 796 1686 prioribus
823 1599 1070 1665 Atheniensium
1097 1598 1292 1685 reipublicae

198 1731 393 1818 temporibus
421 1742 460 1827 ut¹
486 1733 623 1799 honores
655 1734 701 1798 ita
731 1754 864 1799 munera
893 1754 1020 1818 quoque
1049 1755 1090 1797 ex
1120 1731 1292 1798 fundorum

197 1864 418 1951 magnitudine
449 1875 482 1931 et
509 1867 612 1952 pretio
640 1867 725 1931 inter
746 1867 832 1930 cives
853 1864 1079 1930 dividebantur
1099 1875 1197 1952 atque
1217 1865 1292 1931 inde

107 2076 109 2079 Ι
198 1997 320 2066 factum
349 2008 416 2082 est,
444 2008 480 2063 ut
502 2000 653 2084 quoniam
671 1998 836 2063 hominum
856 1999 1010 2064 intererat
1031 1997 1147 2063 fundos
1168 2007 1294 2065 tantum

199 2119 338 2212 ἀφανεῖς
367 2130 518 2215 reddere,
547 2133 643 2197 etiam
672 2130 706 2196 hi
727 2132 787 2196 soli
815 2135 971 2217 φανερῶν
991 2132 1025 2194 in
1045 2152 1176 2197 numero
1197 2131 1293 2196 habe·

200 2273 319 2348 rentur,
342 2286 413 2329 cum
428 2273 535 2329 cetera
552 2253 664 2349 ἀφανῆ
685 2265 705 2329 i.
729 2286 755 2329 e.
777 2264 931 2328 immunia
952 2273 1067 2328 essent.
1111 2264 1293 2329 Posteriore

200 2420 276 2474 vero
291 2407 397 2463 aetate
418 2420 490 2464 cum
511 2398 560 2463 ius
580 2398 721 2463 civitatis
741 2420 807 2472 non
830 2400 893 2462 iam
915 2420 986 2463 cum
1008 2395 1116 2462 fundis
1137 2407 1204 2462 tam
1224 2409 1294 2465 arte

201 2531 404 2615 cohaereret,
433 2515 537 2596 desiit
549 2531 646 2595 etiam
667 2529 785 2594 fundus
807 2530 893 2595 solus
915 2523 1060 2617 φανερὸς
1081 2552 1166 2615 esse,
1188 2554 1293 2596 accer-

201 2665 281 2729 sitae
302 2672 410 2728 autem
430 2672 505 2728 sunt
535 2662 576 2727 ad
597 2663 852 2728 aestimationem
873 2664 970 2728 etiam
991 2674 1117 2729 ceterae
1137 2663 1294 2729 bonorum

201 2806 308 2881 partes
336 2796 481 2881 inprimis
511 2797 664 2880 pecuniae
695 2797 743 2860 ita
773 2806 809 2860 ut
830 2789 958 2882 φανερὰ
980 2807 1013 2862 et
1033 2797 1209 2861 immobilia
1229 2819 1294 2861 non

202 2930 266 2994 iam
287 2928 397 2993 eadem
420 2939 540 3013 essent,
566 2928 623 2994 sed
644 2930 699 2995 illa
719 2931 819 2996 multo
841 2931 954 2996 latiore
975 2952 1070 2995 sensu
1090 2940 1217 3016 praeter
1238 2932 1294 2995 im·

200 3061 332 3127 mobilia
358 3062 456 3127 etiam
482 3060 613 3140 mobilia
636 3063 952 3148 comprehenderent.
995 3053 1135 3149 Ἁφανὴς
1155 3063 1194 3127 iis
1217 3072 1295 3127 tem·

201 3193 332 3281 poribus
358 3194 446 3259 nulla
473 3216 524 3260 res
554 3216 624 3260 esse
653 3193 808 3279 debebat,
838 3195 895 3261 sed
922 3196 1168 3261 inveniebantur
1188 3206 1296 3260 tamen

202 3327 404 3414 saepissime,
434 3327 489 3411 qui
519 3349 561 3391 ne
584 3328 717 3394 nimium
738 3329 862 3393 solvere
884 3338 1075 3413 cogerentur
1095 3338 1219 3414 partem
1240 3331 1294 3394 ali·

202 3479 299 3544 quam
318 3461 365 3524 rei
386 3459 551 3525 familiaris
573 3461 730 3545 celarent3
752 3461 899 3526 conferas
921 3484 947 3526 e.
969 3484 1001 3546 g.
1023 3462 1165 3546 Isaeum,
1190 3483 1294 3548 aquo

202 3564 416 3678 Apollodorus
434 3595 466 3658 in
482 3603 561 3660 orat.
582 3593 613 3659 d.
625 3594 731 3679 Apoll.
753 3594 861 3660 hered.
883 3599 903 3676 ξ
924 3596 965 3660 39
987 3594 1134 3660 laudibus
1156 3595 1295 3679 effertur,

203 3724 288 3811 quod
303 3747 429 3792 omnem
444 3724 529 3811 apud
537 3725 760 3810 magistratum
776 3726 988 3792 declaraverit
1000 3748 1069 3792 rem
1083 3727 1295 3793 familiarem:

202 3858 258 3924 καὶ
284 3850 349 3944 μὴν
384 3859 440 3924 καὶ
469 3847 571 3935 αὐτὸς
598 3852 847 3945 Ἀπολλόδωρος
879 3848 941 3943 οὐχ
973 3850 1085 3946 ὥσπερ
1114 3853 1296 3946 Προνάπης

203 3979 422 4077 ἀπεγράψατο
436 3991 498 4077 μὲν
511 3993 632 4077 τίμημα
646 3986 776 4077 μικρόν,
798 4017 844 4069 ως
858 3986 987 4058 ἱππάδα
1002 3992 1038 4058 δὲ
1053 3996 1162 4058 τελῶν
1182 3984 1296 4079 ἄρχειν

203 4112 297 4210 ἠξίου
330 4118 390 4202 τὰς
425 4115 536 4212 ἀρχάς.
586 4125 653 4192 Sed
682 4147 875 4212 quamquam
911 4136 1072 4190 oratorum
1100 4126 1296 4212 temporibus

204 4254 284 4321 haec
295 4244 463 4324 munerum
477 4258 741 4345 praestandorum
755 4262 838 4325 ratio
853 4258 989 4343 valebat,
1011 4268 1048 4324 ut
1062 4260 1169 4324 omnia
1190 4268 1298 4327 essent
