3084 4800
702 504 910 572 ..24.„

259 690 308 755 Vl
344 689 403 774 45,
432 688 487 753 ubi
519 688 720 755 Cretensium
738 689 887 764 ,civitatis
927 690 1074 754 instituta
1102 708 1188 752 cum,
1202 687 1241 750 iis
1269 697 1352 770 quae·

258 822 501 888 Lacedaemone
513 818 664 888 valebant
686 832 860 909 comparat,
880 822 994 889 eodem
1015 821 1109 886 modo
1131 815 1171 888 τὸ
1187 815 1351 909 διάφορον

258 959 279 1023 i.
294 980 321 1022 e.
337 951 379 1023 τὰ
389 953 518 1041 ἔπιπλα
534 978 554 1021 a
568 957 769 1043 possessione
783 958 927 1022 terrestri
941 956 1096 1021 distinxit.
1139 954 1236 1020 Haud
1259 978 1351 1020 secus

259 1092 357 1156 etiam
377 1090 568 1158 Plutarchus
589 1092 624 1156 in
644 1091 737 1156 bonis
761 1089 940 1156 dividendis
955 1091 1172 1156 Romanorum
1192 1090 1350 1155 rationem

259 1222 434 1309 adoptavit,
457 1233 494 1289 ut
515 1246 556 1288 ex
577 1223 721 1310 Lycurgi
741 1225 828 1289 vitae
850 1245 876 1287 c.
896 1223 916 1287 9
937 1222 1123 1307 intellegere
1143 1223 1274 1307 poteris,
1295 1221 1351 1287 ubi

260 1378 332 1421 cum
352 1355 459 1421 verbis
482 1377 564 1441 quae
585 1354 780 1420 antecedunt
799 1354 987 1440 Lycurgum
1008 1377 1103 1440 agros
1125 1355 1236 1439 aequis
1259 1355 1350 1418 sorti-

259 1488 319 1553 bus
348 1490 432 1553 intcr
453 1487 632 1573 Spartiates
666 1486 813 1551 divisisse
833 1488 1012 1552 narraverit
1032 1486 1122 1552 addit
1142 1481 1351 1573 ἐπιχειρήσας

258 1622 313 1687 καὶ
335 1613 382 1687 τὰ
399 1617 524 1685 ἔπιπλα
546 1620 565 1684 i.
589 1643 615 1685 e.
638 1619 724 1685 bona
744 1619 876 1685 mobilia
897 1621 1043 1706 διαιρεῖν.

340 1752 406 1820 Sed
424 1775 466 1818 ne
487 1754 654 1819 cumulatis
677 1754 831 1840 exemplis
852 1753 913 1818 hcc
933 1773 1039 1817 meum
1060 1755 1245 1840 opusculum
1267 1755 1351 1819 ultra

258 1887 389 1952 modum
409 1896 548 1972 crescat,
578 1888 655 1952 satis
677 1887 856 1953 ostendisse
885 1887 988 1953 adhuc
1017 1888 1095 1953 mihi
1121 1886 1232 1953 videor
1254 1909 1350 1973 quam

258 2044 323 2087 non
343 2020 491 2087 habuerit
511 2021 576 2084 vim
597 2041 662 2085 vox
684 2017 809 2086 ἔπιπλα
825 2020 1022 2086 Graecorum
1041 2032 1203 2086 oratorum
1224 2031 1349 2106 aetate3

259 2138 360 2220 restat
380 2176 466 2231 nunc
486 2163 522 2218 ut
543 2155 577 2217 in
596 2155 771 2238 genuinum
799 2176 927 2218 sensum
956 2155 1057 2240 qualis
1086 2164 1153 2219 tum
1182 2155 1278 2220 fuerit
1304 2156 1351 2220 ita

257 2288 434 2375 inquiram,
463 2296 499 2352 ut
526 2287 613 2352 locos
645 2287 833 2372 nonnullos,
862 2310 941 2374 quos
970 2290 1034 2353 iam
1056 2290 1151 2374 attigi
1172 2290 1287 2354 iterum
1308 2288 1349 2354 ad

221 2398 223 2402 Ι
258 2421 477 2507 quaestionem
497 2443 602 2487 meam
634 2420 821 2505 adhibeam,
852 2422 1003 2488 adhibitis
1030 2423 1109 2488 alios
1132 2422 1254 2488 addam.
1270 2446 1350 2508 quos

257 2576 353 2641 supra
373 2555 473 2619 omisi.
516 2555 708 2620 Proficiscor
728 2565 837 2620 autem
858 2555 899 2621 ab
921 2555 1087 2642 Eupolidis
1108 2556 1215 2621 verbis
1237 2580 1245 2621 :

449 2677 565 2754 Ἄκουε
588 2681 628 2774 δὴ
648 2682 748 2775 σκεύη
767 2682 811 2755 τὰ
833 2683 931 2775 κατ[ὰ
951 2682 1024 2776 τὴν]
1047 2689 1165 2756 οἰκίαν.

455 2815 663 2908 Παραπλήσί
686 2814 768 2889 ὄντα
791 2841 844 2889 σοι
864 2824 1047 2910 γέγραπται
1067 2815 1227 2891 educatu.

257 2953 342 3019 unde
355 2964 489 3040 apparet
504 2952 629 3022 ἔπιπλα
651 2978 720 3022 esse
741 2949 842 3042 σκεύη
861 2949 904 3022 τὰ
917 2950 1003 3023 κατὰ
1017 2949 1078 3042 τὴν
1092 2956 1202 3023 οἰκίαν
1222 2957 1273 3021 vel
1295 2980 1348 3021 cas

257 3109 308 3151 res
330 3088 609 3175 comprehendere,
639 3111 721 3176 quae
741 3090 783 3155 ad
804 3111 897 3154 usum
918 3089 1126 3156 domesticum
1147 3089 1349 3174 adhibentur,

257 3220 290 3286 id
315 3221 401 3308 quod
422 3224 648 3310 comprobatur
668 3233 701 3289 et
720 3223 805 3289 [saei
826 3233 905 3288 orat.
929 3222 969 3289 de
990 3223 1116 3289 Oircnis
1137 3223 1243 3289 hcrcd.
1266 3227 1292 3305 §⁴
1308 3223 1349 3289 35

258 3357 314 3422 καὶ
337 3352 462 3422 ἔπιπλα
484 3357 524 3422 δι’
546 3341 595 3422 civ
615 3347 696 3441 ᾤκει
716 3349 780 3442 τὴν
801 3355 912 3423 οἰκίαν
927 3368 960 3423 et
970 3357 1194 3444 Xenophontis
1217 3357 1257 3422 de
1277 3380 1349 3422 vec·

259 3489 316 3573 tig.
338 3487 388 3554 IV
408 3492 428 3570 ξ
450 3489 479 3572 7,
500 3488 556 3553 ubi
573 3489 711 3574 legimus
732 3490 789 3555 καὶ
809 3483 872 3577 γὰρ
902 3482 942 3576 δὴ
971 3487 1095 3557 ἔπιπλα
1122 3490 1184 3576 μὲν
1212 3483 1349 3556 ἐπειδάν

258 3646 309 3699 τις
329 3615 490 3709 κτήσηται
510 3626 551 3707 τῇ
573 3621 669 3712 οἰκίᾳ.
722 3621 789 3691 Sed
812 3645 1010 3710 quamquam,
1026 3623 1125 3689 verba
1146 3617 1246 3711 σκεύη
1266 3648 1295 3689 τ.
1318 3648 1347 3689 κ.

258 3777 287 3820 τ.
309 3753 419 3820 οἰκίαν
440 3764 498 3819 nos
520 3753 560 3820 de
580 3755 771 3820 animalibus
802 3766 858 3822 aut
889 3756 929 3821 de
958 3757 1093 3842 pecunia
1121 3757 1263 3841 cogitare
1284 3777 1350 3820 non

259 3889 433 3972 patiuntur,
456 3897 564 3952 tamen
584 3910 698 3975 parum
720 3891 960 3977 circumscripta
981 3900 1029 3957 est
1050 3890 1130 3955 haec
1144 3889 1285 3955 definitio
1304 3892 1350 3955 ita
1431 3917 1434 3922 ·

258 4030 295 4086 ut
328 4022 384 4108 uix
420 4022 447 4085 si
488 4021 658 4107 scriptores
691 4020 811 4089 Graeci
845 4044 904 4088 nos
942 4022 1114 4088 deficerent
1140 4043 1349 4107 cognoscere·

258 4174 330 4217 mus
358 4152 435 4239 quid
464 4154 567 4219 Attici
601 4135 647 4220 ad
672 4153 796 4222 ἔπιπλα
825 4155 1097 4241 adnumerassent,
1127 4155 1203 4241 quid
1231 4178 1271 4221 ex
1292 4178 1348 4220 nu·

259 4306 346 4349 mero
363 4308 473 4351 eorum
494 4289 713 4355 secrevissent.
755 4288 897 4354 Necesse
918 4290 1015 4373 igitur
1030 4291 1090 4354 erit
1104 4290 1144 4353 ad
1159 4290 1229 4354 illos
1244 4311 1348 4354 recur-
