3084 4800
674 521 879 593 ..28¹-

229 709 361 775 παίιίοον
382 698 401 798 d
423 708 577 786 κίνδυνος
598 707 657 796 εἴη,
679 703 849 796 ἐπειδὴδὲ
870 704 985 797 ἐσώθη
1004 713 1060 777 καὶ
1081 708 1322 787 ἐδιπλασίασεν,

229 833 335 910 αὐτοῦ
363 836 425 930 τὴν
445 841 609 930 ἐμπορίαν
631 840 774 925 ἔφασκεν
795 838 896 922 εῖναι,
924 865 987 929 quo
1003 838 1077 908 'loco
1099 842 1227 929 probari
1248 840 1323 906 Van

227 977 289 1042 den
321 976 366 1042 Es
407 975 572 1041 contendit
601 975 699 1041 fuisse
728 977 917 1061 permissum
945 977 1103 1042 tutoribus
1131 975 1323 1062 pupillorum

227 1111 454 1196 patrimonium
488 1112 540 1176 vel
574 1108 615 1174 ad
644 1111 777 1193 negotia
805 1112 875 1194 ipsa
900 1110 1060 1175 maritima
1091 1108 1243 1174 adhibere
1271 1106 1323 1172 vel

143 1332 146 1337 Ι
229 1244 333 1308 usuris
348 1244 515 1308 maritimis
535 1244 668 1308 elocare.
710 1243 920 1327 Diogitonem
941 1244 1025 1308 enim
1046 1242 1087 1307 ab
1110 1253 1237 1308 oratore
1257 1262 1323 1306 non

228 1378 419 1462 vituperari,
450 1376 535 1463 quod
563 1398 678 1442 navem
699 1377 872 1442 liberorum
893 1378 1032 1463 periculo
1054 1378 1088 1442 in
1108 1377 1243 1442 Adriam
1265 1374 1322 1437 mi·

226 1511 340 1593 sisset,
371 1509 428 1574 sed
466 1518 636 1595 propterea
664 1519 789 1575 tantum
820 1508 904 1596 quod
936 1532 1008 1575 cum
1037 1511 1128 1574 navis
1156 1480 1324 1572 incolumis

227 1641 373 1706 Athenas
405 1641 568 1727 rediisset,
597 1643 684 1709 luero
716 1665 771 1707 eos
799 1643 999 1728 privavisset.
1042 1641 1077 1708 Si
1107 1641 1235 1705 omnino
1257 1660 1324 1703 non

227 1776 368 1840 licuisset
397 1774 547 1840 orborum
576 1777 745 1860 pecuniam
766 1776 808 1841 ad
828 1776 959 1859 negotia
979 1775 1138 1839 maritima
1159 1770 1324 1854 adhibere,

228 1910 325 1973 etiam
348 1907 431 1973 ‘illud
462 1931 534 1975 eum
562 1911 805 1995 perstricturum
833 1909 933 1973 fuisse
961 1906 1176 1972 acerbissimis
1204 1902 1323 1987 uerbis.

227 2042 281 2106 Ad
297 2053 493 2128 postremum
505 2043 623 2129 Lysiae
637 2043 723 2128 apud
737 2042 871 2109 Suidam
884 2043 1103 2107 testimonium
1118 2039 1195 2133 (τοῦ
1215 2031 1325 2123 νόμου

227 2169 427 2252 κελεύοντος
463 2170 543 2253 τοὺς
576 2171 782 2262 ἐπιτρόπους
817 2189 888 2253 τοῖς
918 2165 1079 2263 ὀρφανοῖς
1105 2171 1233 2258 ἔγγειον
1262 2162 1326 2255 τὴν

227 2297 345 2375 οὐσίαν
372 2303 590 2389 καθιστάναι,
621 2295 721 2386 οὗτος
750 2309 787 2375 δὲ
817 2303 995 2386 ναυτικοὺς
1023 2299 1105 2395 ἡμᾶς
1126 2295 1324 2387 ἀποφαίνει)

226 2444 272 2506 ita
289 2442 465 2527 infringere
486 2442 597 2508 studet·
614 2453 650 2507 nt
670 2443 772 2508 verba
793 2428 894 2519 οὗτος
912 2434 1151 2517 -ναυτικοὺς
1173 2444 1327 2521 corrupta

228 2596 308 2658 esse,
329 2597 413 2660 quae
434 2574 629 2640 antecedunt
644 2580 707 2641 τοῦ
727 2569 835 2661 νόμου
861 2613 893 2622 -
916 2569 1117 2642 καθιστάναι
1138 2571 1218 2637 nihil
1238 2567 1326 2634 aliud

227 2706 409 2790 significare
421 2707 507 2772 dicat
518 2729 614 2793 quam
626 2708 712 2794 quod
723 2709 842 2794 Lysiae
852 2707 959 2773 verbis
974 2731 1000 2773 c.
1013 2708 1110 2791 Diog.
1127 2709 1147 2787 ξ
1161 2703 1203 2769 23
1220 2701 1325 2787 expri-

225 2848 332 2903 matur
346 2862 353 2901 :
369 2836 446 2924 ἐξῆν
459 2876 502 2886 -
514 2844 576 2925 γῆν
588 2833 774 2924 πριάμενος
788 2839 825 2906 ἐκ
838 2845 909 2906 τῶν
922 2834 1135 2926 προσιόντων
1149 2829 1229 2912 τοὺς
1249 2846 1326 2901 παῖ-

227 2973 285 3048 δας
306 2972 451 3058 τρέφειν.
495 2973 580 3039 Illud
609 2983 736 3040 tantum
767 2976 851 3040 inter
878 2974 957 3070 dnos
986 2976 1044 3040 hos
1064 2974 1152 3039 locos
1174 2992 1242 3035 esse
1262 2968 1326 3033 dis·

227 3105 357 3189 crimen,
379 3115 415 3171 ut
430 3127 502 3170 eum
517 3107 550 3170 in
565 3106 751 3191 fragmento
768 3118 854 3172 esset
868 3112 930 3173 τοῦ
943 3101 1050 3193 νόμου
1062 3097 1326 3178 κελεύοντος,

226 3241 259 3303 in
286 3249 366 3303 orat.
389 3261 415 3303 c.
438 3240 536 3323 Diog.
558 3240 720 3305 tutoribus
741 3242 872 3306 licere
893 3241 989 3325 agros
1010 3260 1114 3305 emere
1135 3239 1325 3321 legeremus.

226 3372 336 3436 Potuit
357 3373 457 3456 igitur
479 3383 566 3438 tutor
578 3381 629 3437 'ex
643 3371 717 3437 Van
745 3372 809 3437 den
830 3371 898 3437 Esii
919 3373 1077 3437 sententia
1097 3380 1153 3435 ant
1174 3385 1327 3453 agrorum

226 3506 306 3588 qnos
336 3516 457 3570 emerat
485 3505 643 3570 reditibus
666 3505 805 3591 pupillos
827 3505 912 3569 alere
933 3505 974 3586 (ο.
997 3504 1094 3587 Diog.
1116 3506 1136 3583 ξ
1156 3500 1207 3584 23,
1230 3499 1326 3563 Dem.

226 3659 252 3701 e.
274 3635 374 3701 Nuus.
398 3641 418 3718 ξ
441 3639 469 3722 l,
492 3639 608 3723 fragm.
629 3637 725 3723 Lys.)
752 3648 808 3702 aut
829 3637 955 3703 illorum
975 3634 1201 3720 patrimonium
1221 3630 1326 3695 usuris

224 3768 293 3833 sive
307 3759 513 3835 terrestribus
529 3772 597 3835 sive
611 3771 783 3835 maritimis
804 3779 915 3833 mutuo
936 3767 1013 3832 dare
1027 3766 1117 3851 (Lys.
1140 3788 1167 3829 c.
1184 3763 1281 3847 Diog.
1305 3763 1326 3841 ξ

225 3900 290 3983 25).
334 3900 398 3967 Sed
415 3902 564 3989 equidem
579 3902 688 3967 facere
702 3925 723 3967 a
738 3924 793 3967 me
812 3904 983 3987 impetrare
1003 3921 1065 3963 non
1088 3919 1219 3983 possum
1238 3905 1274 3958 ut
1296 3893 1327 3958 ei

224 4035 392 4118 assentiar,
404 4056 478 4099 nam
486 4036 626 4120 primum
635 4033 809 4098 discrimen
819 4032 907 4115 illud,
919 4030 1003 4116 quod
1013 4052 1141 4115 prorsus
1153 4028 1328 4113 neglegere

225 4188 260 4231 se
274 4188 370 4252 posse
384 4167 590 4250 existimavit,
612 4186 686 4229 meo
701 4163 820 4227 iudicio
833 4183 899 4225 non
912 4164 958 4226 ita
975 4182 1108 4245 parvum
1128 4172 1187 4242 est,
1210 4157 1328 4225 deinde

227 4301 353 4365 etiamsi
367 4302 438 4385 quis
454 4298 610 4365 concedat
625 4298 762 4365 alteram
778 4296 951 4380 fragmenti
964 4305 1088 4379 partem
1106 4318 1176 4360 esse
1197 4314 1327 4380 eorrup-
