3084 4800
722 530 764 540 ..
807 490 846 557 18
887 528 928 539 ..-

278 681 465 765 priusquam
486 677 527 743 ad
556 678 727 762 scriptores
749 676 876 740 Atticos
897 696 957 739 nos
979 683 1211 739 convertamus
1255 674 1369 742 Gram-

278 813 387 879 matici
420 812 520 896 igitur
550 810 604 876 alii
640 808 775 875 verbum
810 807 935 875 ἔπιπλα
968 832 988 873 a
1017 807 1150 874 vocibus
1184 813 1282 875 πλεῖν
1319 810 1371 875 vel

277 947 428 1030 πλοίζειν
448 945 577 1027 ducunt,
599 944 653 1009 alii
671 964 872 1008 communem
887 963 958 1007 cum
972 964 1052 1008 voce
1072 936 1217 1028 ἐπιπολὴ
1238 943 1369 1028 stirpem

278 1080 397 1145 habere
412 1076 619 1159 contendunt,
633 1077 720 1141 tertii
741 1075 879 1160 denique
900 1096 972 1139 cum
986 1096 1065 1139 voce
1085 1074 1218 1140 πέπλον
1238 1075 1367 1138 coniun-

279 1225 365 1280 ctum
380 1234 450 1278 esse
464 1212 585 1293 volunt,
608 1231 704 1295 quam
718 1209 911 1274 sententiam
926 1230 997 1272 cum
1013 1230 1071 1292 per
1090 1230 1125 1272 se
1145 1209 1287 1293 ineptam
1301 1218 1370 1274 tum

218 1364 220 1367 ’
278 1357 382 1413 ortam
404 1368 473 1411 esse
501 1354 590 1430 patet
612 1366 652 1408 ex
680 1344 944 1427 interpretatione
975 1342 1116 1406 locorum
1144 1341 1259 1426 quibus
1280 1344 1371 1407 utin

278 1479 446 1567 Sophoclis
470 1477 668 1542 Athamante
689 1498 753 1554 vox
774 1475 816 1541 ad
837 1477 1029 1540 vestimenta
1050 1474 1262 1560 significanda
1281 1497 1369 1540 usur·

278 1611 423 1697 pabatur.
474 1609 610 1695 Omissis
646 1610 745 1694 igitur
772 1630 855 1694 quae
885 1632 910 1673 s.
941 1630 1002 1673 v.v.
1033 1605 1156 1673 ἔπιπλα
1189 1607 1274 1693 apud
1304 1607 1369 1672 He-

279 1745 423 1831 sychium
435 1737 562 1828 (ίμοίτια
572 1742 755 1828 γυναικεία)
767 1742 821 1806 Et.
833 1741 989 1825 Magnum
1003 1731 1038 1826 (ἢ
1050 1738 1174 1806 ἔπιπλα
1188 1734 1230 1806 τὰ
1245 1734 1368 1825 ἱμάτια,

278 1867 345 1943 οίπό
373 1880 436 1942 τοῦ
462 1876 595 1941 πέπλον
634 1872 793 1958 ἐ’πιπλον)
826 1876 888 1939 lex.
911 1874 1067 1939 Herodot.
1100 1875 1173 1940 κατ’
1202 1864 1279 1956 ἅλω.
1311 1867 1368 1956 (τὰ

278 2004 394 2076 ἐπάνω
415 2013 485 2075 των
505 2002 724 2093 στρωμάτων)
753 2016 865 2072 extant
873 2008 905 2090 ²⁸)
934 2007 975 2071 ad
997 2017 1119 2072 ceteras
1141 2007 1371 2073 transeundum

279 2153 336 2209 est.
379 2143 489 2228 Atque
519 2142 559 2207 de
590 2143 691 2227 primo
723 2141 900 2226 veriloquio
931 2141 1046 2205 Pollux
1077 2141 1168 2205 initio
1195 2140 1260 2205 ΧῙΙΙῘ
1287 2140 1370 2222 libri,

278 2277 461 2361 praemissis
475 2275 647 2358 nonnullis,
670 2296 751 2359 quae
765 2276 861 2359 paulo
876 2284 950 2360 post
964 2274 1105 2357 afferam,
1127 2273 1206 2339 haec
1220 2274 1368 2361 praebet:

271 2400 451 2494 Ἡρόδοτος
474 2409 510 2475 δὲ
531 2398 629 2474 αὐτὰ·
645 2407 791 2475 ἐπίπλοα
820 2407 950 2495 εἴρηκεν
979 2404 1054 2474 οῖον
1074 2396 1096 2474 ἃ
1116 2412 1172 2475 καὶ
1192 2410 1307 2474 πλέων
1327 2401 1369 2474 ἄν

276 2564 327 2619 τις
348 2541 593 2627 ἐπικομίζοιτο,
625 2541 815 2627 quibuscum
835 2542 930 2627 plane
951 2552 1133 2626 congruunt
1153 2563 1235 2628 quae
1256 2542 1369 2607 Eusta-

277 2673 363 2739 thius
379 2675 540 2739 Pausania
560 2684 691 2740 auctore
705 2675 737 2738 in
754 2676 981 2739 commentario
996 2674 1038 2739 ad
1049 2674 1226 2739 Homerum
1241 2697 1273 2760 p,
1291 2675 1371 2739 1469

276 2807 398 2892 profert
420 2804 544 2873 ἔπιπλα
565 2800 626 2892 γὰρ
648 2801 733 2873 κατὰ
748 2810 942 2873 Παυσανίαν
963 2801 1005 2872 τὰ
1018 2801 1064 2893 μὴ
1084 2778 1195 2894 ἔγγαια
1209 2801 1369 2892 κτήματα,

276 2927 347 3004 ἀλλ’
368 2929 389 3024 ἡ
409 2940 482 3004 κατ’
504 2939 613 3006 οἰκίαν
634 2945 746 3026 κτῆσις
767 2931 788 3026 ἦ
810 2941 974 3027 δυναμένη
994 2945 1144 3020 πλεῦσαι,
1166 2938 1251 3004 unde
1265 2939 1367 3004 Hero·

162 3063 164 3068 ’
278 3070 405 3137 doteam
440 3072 576 3138 formam
611 3074 757 3140 ἐπίπλοα
769 3074 819 3157 **)
841 3074 942 3139 fuisse
976 3095 1104 3138 oausam
1140 3081 1290 3159 apparet,
1313 3093 1369 3136 cur

277 3207 504 3289 grammaticus
518 3207 580 3289 ille,
602 3207 643 3272 ad
658 3228 753 3293 quem
767 3218 800 3273 ct
815 3208 931 3273 Pollux
952 3217 984 3272 et
999 3207 1174 3272 Pausanias
1196 3203 1367 3270 revocandi

277 3347 361 3421 sunt,
384 3335 508 3404 ἔπιπλα
523 3361 544 3403 a
561 3339 660 3403 verbo
681 3339 832 3423 πλοίζειν
854 3340 993 3405 σιτευτοί.
1036 3338 1243 3404 Antecedunt
1263 3347 1369 3403 autem

277 3468 363 3555 apud
384 3470 548 3535 Pollucem
570 3470 609 3535 de
631 3471 731 3536 altero
753 3472 807 3536 illo
829 3472 1005 3558 veriloquio
1039 3448 1133 3536 hacc:
1163 3460 1249 3539 αὐτὰ
1271 3470 1307 3537 δὲ
1328 3464 1369 3536 τὰ

278 3597 377 3690 σκεύη
398 3605 526 3670 καλοῖτ’
547 3595 590 3688 ἂν
612 3602 746 3688 ἔπιπλα,
775 3596 918 3691 ἤγουνῆ
948 3599 1059 3690 κούφη
1086 3607 1209 3691 κτῆσις,
1237 3597 1281 3670 τὰ
1302 3602 1371 3669 ἐπι-

280 3834 478 3843 ————.....

346 3989 374 4058 *)
392 3993 489 4044 Melius
506 3994 600 4046 Thom.
617 3996 654 4046 M.
672 4010 696 4061 p.
718 3997 766 4047 mo
784 3996 815 4045 R.
834 3995 967 4051 τάττεται
984 3992 1038 4064 μὲν
1055 3995 1105 4049 καί
1123 3991 1172 4050 ἐπί
1192 3991 1315 4064 ίματίων
1332 3989 1373 4059 ὥς

278 4073 327 4131 ἐπὶ
345 4075 380 4132 τὸ
396 4081 531 4134 πλεῖστον
549 4078 579 4134 δὲ
596 4077 644 4135 ἐπί
664 4081 810 4135 παντοίων
827 4086 937 4136 σκευῶν
953 4084 1015 4136 κτλ.

330 4178 375 4246 *il
393 4182 435 4232 Ita
453 4182 557 4233 codices
575 4200 665 4236 omncs
685 4190 706 4249 l,
725 4186 766 4249 94,
786 4184 831 4250 qui
850 4186 943 4236 octaris
962 4186 1027 4237 locis
1051 4177 1159 4239 ἔπιπλα
1183 4183 1288 4237 habeut
1325 4185 1371 4236 Vi·

278 4266 347 4319 tium
364 4266 506 4319 admodum
524 4276 601 4321 votus
620 4286 676 4321 esse
694 4271 741 4321 vix
759 4272 888 4337 estquod
906 4287 1033 4323 moneam.
