3084 4800
660 462 846 528 ..9-

207 673 280 717 rum
302 650 384 732 §33
403 649 525 715 mentio
542 648 592 734 fit,
614 637 724 734 ἀγρὸς,
746 647 845 729 οἰκία,
865 652 1053 730 βαλανεῖον,
1074 643 1173 733 αἶγες,
1194 641 1301 735 ζεύγη,

211 785 403 873 δημιουργοὶ
417 783 651 870 possessionem
667 782 805 847 efficiant
818 781 1032 847 manifestam.
1074 781 1208 866 Proprie
1224 802 1302 846 vero

86 950 89 955 ⁴
211 921 307 985 etiam
321 920 456 1006 pecunia
469 918 710 989 manifestorum
731 916 888 982 bonorum
908 918 942 981 in
962 938 1094 981 numero
1116 925 1185 982 erat
1205 924 1302 1002 atque

209 1045 339 1140 ἀφανὴς
367 1062 434 1118 tum
455 1051 583 1117 demum
608 1051 723 1160 fiebat,
751 1074 824 1117 cum
850 1051 891 1117 ab
914 1052 953 1117 iis
974 1053 1029 1139 qui
1050 1072 1120 1117 eam
1140 1048 1304 1115 habebant

210 1189 314 1254 celata
333 1209 354 1252 a
375 1188 489 1252 ceteris
510 1187 633 1252 censeri
654 1208 719 1251 non
740 1187 854 1271 potuit.

292 1319 400 1385 Variis
422 1329 530 1386 autem
549 1319 653 1386 modis
675 1319 890 1385 Athenienses
914 1341 983 1384 rem
999 1340 1094 1384 ‘suam
1115 1318 1304 1385 familiarem

173 1514 176 1518 .
211 1455 239 1518 si
252 1475 318 1518 non
338 1474 464 1520 omnem
485 1463 519 1520 at
538 1462 664 1540 partem
685 1463 771 1519 certe
792 1455 932 1540 aliquam
952 1442 1065 1539 ἀφανῆ
1084 1452 1219 1519 reddere
1239 1462 1302 1518 stu·

212 1586 340 1672 debant,
362 1608 496 1673 quorum
518 1586 659 1652 omnium
680 1595 749 1652 erat
771 1587 996 1652 usitatissimus
1017 1587 1080 1671 ille,
1101 1595 1138 1651 ut
1158 1607 1305 1652 nummos

212 1742 287 1785 suos
318 1719 403 1807 apud
433 1721 610 1785 mensarios
641 1719 839 1806 deponerent
869 1721 922 1784 vel
951 1719 1021 1784 aliis
1050 1728 1160 1784 mutuo
1182 1718 1306 1804 darent,
1375 1749 1377 1753 ·

213 1875 349 1940 quorum
377 1853 495 1918 auxilio
523 1851 617 1918 facile
637 1841 861 1936 ἀφανίζεσθαι
881 1861 1063 1939 potuerunt.
1105 1851 1146 1917 In
1166 1863 1306 1919 mentem

211 1987 291 2053 mihi
323 1988 413 2053 venit
440 1986 613 2053 verborum
640 1985 739 2051 Isoor.
761 1986 922 2072 Trapeait.
951 1989 973 2068 ὅ
1005 1987 1022 2050 7
1051 1985 1306 2071 βουλευομένοις

213 2105 274 2187 οὖν
287 2111 363 2206 ἡμῖν
377 2114 487 2187 ἐδόκει
502 2119 678 2202 βέλτιστον
698 2115 783 2186 εἶναι
803 2112 846 2185 τὰ
865 2119 927 2205 μὲν
947 2112 1075 2206 φανερὰ
1096 2122 1166 2185 τῶν
1185 2112 1306 2206 χρημά-

210 2250 282 2320 Ιτιον
307 2254 532 2340 παραδοῦναι,
562 2255 640 2339 περὶ
668 2252 704 2320 δὲ
731 2257 802 2320 τῶν
827 2245 919 2340 παρὰ
947 2246 1060 2340 τούτῳ
1080 2254 1243 2339 κειμένων
1262 2245 1307 2341 μὴ

212 2379 319 2473 μόνον
348 2383 487 2475 ’ἔξαρνον
515 2382 615 2468 εἶναι,
644 2375 728 2453 ἀλλὰ
757 2387 871 2453 καὶ-
894 2380 1007 2454 πάντα
1034 2401 1162 2468 ποιεῖν,
1192 2385 1228 2469 ἐξ
1256 2370 1307 2453 οὖν

213 2519 336 2587 ἐκεῖνοι
348 2513 477 2606 μάλιστ’
491 2510 635 2606 ἤμελλον
648 2512 892 2606 πεισθήσεσθαι
905 2513 950 2606 μὴ
964 2516 1048 2587 εἶναί
1068 2544 1126 2606 μοι
1144 2514 1304 2607 χρήματα.

213 2653 320 2718 Homo
348 2654 434 2718 enim
463 2653 515 2718 ille
544 2653 706 2739 quondam
734 2675 769 2718 se
790 2674 908 2738 magno
929 2654 964 2718 in
984 2654 1124 2739 periculo
1144 2664 1307 2719 versatum

212 2796 333 2871 namet,
354 2793 395 2851 ne
409 2809 467 2873 per
481 2786 591 2874 Satyri
604 2789 691 2872 regis
706 2788 786 2853 iram
799 2809 868 2852 rem
882 2809 973 2852 suam
987 2790 1149 2854 amitteret
1170 2809 1307 2872 omnem,

214 2921 446 2987 consultavisse
473 2930 644 3006 propterea
663 2921 835 2987 Pasionem
864 2922 1058 2987 mensurium
1085 2923 1308 3009 communique

213 3052 324 3118 habito
346 3055 478 3143 consilio
499 3055 674 3140 placuisse,
703 3065 740 3121 ut
766 3064 892 3141 partem
913 3057 1119 3141 pecuniarum
1140 3054 1225 3142 apud
1246 3055 1306 3120 Pa·

161 3267 163 3272 .
214 3189 337 3253 sionem
359 3183 542 3276 deponeret,
565 3210 661 3276 quam
682 3191 710 3255 is
731 3190 842 3276 Satyri
861 3191 947 3274 regis
969 3212 1078 3256 servos
1098 3190 1140 3258 ad
1160 3212 1228 3256 rem
1249 3212 1306 3277 pu·

214 3321 395 3387 blicandam
426 3333 578 3388 ventrnos
601 3323 759 3389 celaturus
792 3333 885 3390 esset.
930 3324 1040 3411 Atque
1061 3325 1095 3389 in
1114 3324 1200 3390 Isaei
1226 3334 1305 3390 orat.

213 3477 272 3541 pro
287 3455 437 3521 Eumath.
453 3458 508 3538 §2
529 3458 706 3522 mensurius
728 3456 858 3543 quidam
878 3456 1056 3544 ἐμφανίσαι
1077 3457 1193 3524 dicitur
1212 3481 1306 3544 pecu·

214 3590 284 3654 nias
306 3610 389 3676 quae
409 3587 452 3653 ab
473 3589 535 3654 alio
557 3598 649 3654 erant
669 3589 850 3675 depositae,
871 3589 957 3656 unde
976 3579 1116 3674 ἀφανεῖς
1137 3613 1191 3656 eas
1212 3601 1307 3657 antea

214 3722 314 3788 fuisse
342 3724 555 3810 consequitur.
598 3721 684 3788 Huic
703 3733 811 3789 autem
832 3724 1004 3790 verborum
1021 3717 1172 3808 ἄφανοῦς
1193 3714 1307 3803 οὐσίας

214 3855 471 3941 interpretationi
504 3880 546 3923 ne
582 3856 660 3923 illud
697 3856 826 3944 quidem
863 3859 1043 3945 exemplum
1079 3858 1187 3924 obstat
1221 3859 1307 3945 quod

136 4021 144 4030 r
215 4011 312 4074 supra
343 4012 383 4056 ex
413 3992 557 4057 oratione
578 4014 604 4057 o.
627 3990 757 4078 Olymp.
779 3992 892 4075 attuli,
924 3993 958 4056 in
980 4012 1042 4077 quo
1064 4014 1103 4057 ea
1122 3993 1193 4078 ipsa
1212 4014 1306 4078 pecu·

215 4125 270 4188 nia
298 4146 380 4211 quae
409 4125 443 4189 in
472 4146 583 4189 mensa
614 4125 740 4191 iacebat
767 4115 926 4213 ἀργύριον
953 4117 1101 4211 φανερὸν
1132 4125 1305 4191 dicebatur.

214 4257 341 4324 Ibidem
382 4258 467 4325 enim
496 4260 631 4348 pecunia
663 4268 777 4346 utpote
806 4281 902 4346 quam
929 4261 964 4325 in
990 4280 1102 4324 mensa
1129 4257 1307 4347 depositam
1410 4293 1413 4300 ·
