3084 4800
695 478 902 544 ...10-

249 654 382 727 heredes
397 662 516 727 scirent
530 671 690 727 mortuum
704 662 878 748 reliquisse,
900 662 1041 750 perbene
1061 664 1218 728 nominari
1239 664 1343 749 potuit

249 787 378 880 φανερὰ
415 797 472 861 καὶ
507 786 771 884 ὁμολογουμένη,
801 798 851 862 cui
880 798 1039 863 contraria
1070 807 1138 863 erat
1166 820 1219 883 ea,
1247 819 1343 884 quam

250 928 415 995 Cononem
447 940 503 995 aut
532 930 681 996 habuisse
700 931 861 996 nescirent
881 941 937 996 aut
957 952 1023 996 non
1043 931 1192 997 habuisse
1214 941 1342 997 conten-

250 1060 371 1145 derent,
393 1062 477 1148 apud
492 1062 669 1128 Isocratem
690 1085 766 1128 vcro
789 1085 827 1129 ea
847 1065 954 1150 potius
976 1074 1025 1130 est
1046 1053 1184 1149 ἀφανὴς,
1206 1086 1288 1151 quae
1308 1074 1344 1130 ut

250 1193 441 1261 dissimulari
461 1205 581 1283 posset,
603 1198 637 1260 in
657 1217 769 1261 mensa
790 1196 937 1261 Pasionis
958 1196 1223 1262 abscondebatur.

276 1352 280 1361 ’
332 1328 468 1394 Athenis
509 1330 608 1413 igitur
640 1330 795 1415 pecuniae
831 1351 912 1416 quae
940 1332 1097 1396 mensorio
1125 1330 1344 1415 tradebantur,

250 1474 306 1527 aut
319 1464 460 1549 φανεραὶ
474 1462 595 1528 fiebant
617 1462 674 1546 (cf.
689 1463 877 1550 Apollodori
899 1473 978 1529 orat.
1001 1486 1027 1528 c.
1042 1463 1154 1550 Steph.
1168 1463 1195 1529 Ι.
1210 1486 1241 1550 p.
1266 1464 1345 1530 1110

251 1596 328 1677 §30
341 1599 413 1662 τῶν
434 1597 462 1663 δ’
477 1594 533 1662 ἐπὶ
554 1600 613 1683 τῆς
634 1597 799 1684 τραπέζης
820 1587 940 1677 ὄντων,
961 1584 983 1662 ii
1003 1590 1128 1674 πάντες
1147 1588 1269 1682 ᾔδεσαν
1288 1598 1345 1662 καί

174 1747 179 1756 ’
249 1733 370 1796 λαθεῖν
398 1719 460 1796 οὐκ
487 1716 542 1816 ἢν)
575 1742 630 1814 aut
651 1721 811 1814 ἀφανεῖς
833 1752 904 1795 cum
924 1739 1031 1796 autem
1052 1732 1179 1817 saepius
1200 1730 1344 1796 homines

250 1862 378 1928 divitias
407 1885 480 1928 suas
507 1862 549 1928 ad
579 1865 772 1928 mensurium
801 1864 926 1930 deferre
953 1865 1107 1948 solerent,
1137 1885 1208 1928 cum
1228 1852 1345 1946 ‹ipori-

251 2000 320 2080 ζειν
350 2005 501 2082 cuperent
532 1995 587 2081 (cf.
617 2006 696 2061 orat.
729 2019 754 2060 c.
777 1993 889 2082 Steph.
911 1995 928 2060 I
949 2019 980 2082 p.
1004 1996 1082 2060 1121
1105 2000 1125 2078 ξ
1146 1996 1219 2081 66),
1248 1996 1344 2081 scrip·
1465 2028 1468 2033 v

251 2138 336 2194 tores
365 2128 483 2195 Graeci
522 2151 592 2194 eam
620 2130 765 2216 inprimis
801 2130 969 2215 pecuniam
999 2129 1155 2194 occultam
1185 2128 1346 2214 appellare

252 2270 485 2327 consueverunt
492 2312 501 2345 ,
531 2283 628 2347 quam
657 2264 727 2348 quis
756 2262 881 2327 etiamsi
910 2262 1069 2326 occultare
1098 2261 1259 2326 inanimo
1280 2238 1345 2325 non

251 2393 363 2460 habuit
397 2404 508 2460 mutuo
526 2381 527 2385 Ἰ
544 2406 600 2460 aut
630 2396 791 2461 mensorio
829 2405 885 2461 aut
917 2394 970 2461 alii
1006 2392 1132 2460 cuidam
1158 2392 1344 2460 tradiderat.

252 2528 468 2614 Opponuntur
500 2538 608 2594 autem
634 2527 684 2593 his
711 2530 831 2593 mutuis
859 2518 970 2620 (οὐσίᾳ
991 2517 1127 2612 ἀφανεῖ)
1154 2550 1220 2593 non
1241 2529 1344 2593 solum

252 2661 407 2748 pecuniae
420 2671 616 2747 praesentes,
638 2659 809 2726 sedetiam
831 2662 934 2726 omnis
955 2661 1079 2749 reliqua
1098 2683 1149 2726 res
1170 2660 1344 2726 familiaris.

251 2794 361 2860 Isaeus
375 2793 505 2882 quidem
519 2795 552 2859 in
566 2803 645 2859 orat.
661 2792 702 2859 de
717 2793 782 2859 Cir.
798 2793 904 2859 hored.
925 2795 945 2874 ξ
966 2794 1016 2878 35,
1039 2816 1110 2859 cum
1131 2792 1217 2859 dicat
1230 2794 1345 2879 Κίουν
1363 2790 1367 2798 ’

251 2921 313 3014 γὰρ
328 2927 486 3015 ἐκέκτητο
501 2916 627 3007 ου’σίαν,
643 2912 812 3013 ὦδνδοες,
827 2915 932 3013 δγοδν
944 2925 1006 3012 μέν
1018 2931 1143 3012 Φλυῆσι
1157 2928 1213 2993 καί
1226 2918 1345 2992 ταλάν-

251 3084 315 3127 του
336 3059 457 3152 ραδίοος
477 3053 587 3142 ἄξιον,
616 3061 721 3139 οἰκίας
741 3060 810 3128 δέν
830 3051 923 3127 ἄστει
944 3053 1022 3140 δύο,
1043 3052 1105 3145 τὴν
1124 3059 1186 3145 μέν
1205 3062 1285 3145 μίαν
1307 3095 1342 3107 -

253 3194 410 3278 δισχιλίας
421 3186 648 3282 εδοίσκουσαν,
662 3186 723 3280 τὴν
738 3195 766 3260 δ’
782 3191 899 3281 ἑτέραν
909 3231 950 3241 -
965 3196 1070 3280 τριῶν
1083 3195 1138 3258 καί
1152 3192 1231 3259 δέκα
1242 3195 1344 3278 μνῶν.

253 3325 303 3404 ἔτι
315 3319 537 3415 δ’ἄνδοάποδα
548 3365 585 3376 -
600 3325 656 3395 καί
668 3325 802 3407 έπιπλα,
817 3327 858 3393 δί’
869 3310 918 3393 διν
928 3317 1009 3412 ᾤκει
1019 3318 1081 3412 τὴν
1095 3324 1213 3405 οίκίαν,
1229 3318 1346 3409 σχεδὸν

252 3453 313 3528 σὺν
348 3473 420 3537 τοῖς
449 3449 674 3547 ἀνδραπόδοις
700 3451 777 3541 ἄξια
804 3457 1012 3545 τοιςκαίδεκα
1039 3461 1148 3543 μνῶν·
1170 3450 1345 3542 σύμπαντα

253 3592 288 3659 δὲ
311 3583 372 3659 ὅσα
395 3586 522 3679 φανερὰ
543 3578 593 3679 ἦν,
614 3593 720 3658 πλέον
740 3582 760 3678 ἢ
782 3585 1035 3679 ἐνενήκοντα
1055 3594 1163 3676 μνῶν·
1184 3591 1285 3676 χωρίς
1306 3589 1342 3656 δὲ

252 3718 386 3791 τούτων
399 3725 598 3810 δανείσματα
613 3714 676 3791 οέκ
690 3714 785 3810 ὀλίγα
799 3748 829 3791 κ.
844 3748 874 3790 τ.
889 3728 917 3790 λ.
939 3737 1012 3801 τοῖς
1032 3723 1223 3808 δανείσμασι
1244 3744 1341 3808 oppo-

252 3860 302 3924 nit
332 3861 439 3924 0mnia
465 3851 526 3927 δσα
555 3852 683 3945 φανερὰ
702 3844 759 3946 ἦν,
791 3880 901 3924 omnes
931 3858 1081 3921 nimirum
1107 3877 1159 3920 res
1188 3876 1269 3940 quae
1290 3876 1344 3919 an-

254 4002 307 4058 tea
318 4002 614 4076 commemorantur,
626 3991 753 4075 fundos,
766 4000 861 4074 tecta,
874 4010 993 4068 servos,
1008 3986 1245 4073 supellectilem.
1286 3986 1347 4053 cui

254 4135 362 4190 tamen
383 4125 641 4211 interpretationi
659 4124 791 4190 obstant
810 4123 988 4206 nonaginta
1008 4120 1081 4186 illac
1100 4120 1207 4183 minae
1227 4117 1347 4203 (πλέον

257 4249 274 4275 Ἃ

255 4283 275 4345 η
295 4253 495 4345 ἐνενήκοντα
515 4258 638 4343 μνῶν),
667 4256 752 4344 quod
780 4264 865 4321 esset
884 4255 1022 4340 pretium
1043 4261 1168 4319 tantum
1189 4250 1346 4316 bonorum
