3084 4800
643 502 850 570 ..17-

200 690 301 756 Attici
322 701 480 774 φανεροῖς
510 688 791 755 adnumeraverint
813 697 845 754 et
873 709 952 774 quas
974 677 1130 770 ἀφανέσι,
1161 686 1292 773 praedia

99 799 115 812 ⁸
200 823 319 888 rustica
339 832 372 888 et
392 822 516 887 urbana
536 822 589 887 vel
609 832 646 887 ut
667 821 752 909 apud
762 822 1053 909 Harpocrationem
1067 831 1116 888 est
1132 811 1153 908 ἦ
1168 818 1293 908 ἔγγειος

201 944 296 1021 οὐσία
311 954 458 1021 omnibus
474 955 670 1041 temporibus
683 954 928 1020 manifestorum
941 952 1098 1019 bonorum
1111 955 1146 1018 in
1159 975 1292 1020 numero

201 1098 301 1172 erant,
323 1088 477 1174 pecuniae
497 1109 584 1171 vero,
607 1108 800 1173 quamquam
822 1108 894 1151 oum
908 1087 1028 1173 optime
1042 1088 1138 1151 celari
1161 1097 1294 1172 possent

199 1229 365 1306 tamquam
378 1209 508 1305 ἀφανὴς
522 1208 619 1286 odota
634 1241 655 1284 a
668 1220 782 1285 ceteris
797 1218 889 1283 bonis
904 1240 1134 1305 nonnunquam
1147 1220 1292 1304 seiunge·

200 1353 327 1437 bantur,
350 1348 406 1417 aut
427 1374 538 1417 omnes
557 1361 648 1417 erant
663 1352 805 1438 φανεραὶ
819 1360 876 1416 aut
888 1352 1005 1437 partim
1020 1353 1162 1439 pavebat
1175 1353 1293 1437 partim

199 1474 349 1568 ἀφανεῖς.
387 1486 632 1551 Consueverunt
653 1495 759 1550 autem
781 1485 925 1549 homines
940 1507 994 1550 eas
1015 1485 1122 1571 potius
1142 1485 1293 1570 pecunias

175 1607 341 1684 ¹oooultas
362 1620 545 1704 nominare,
578 1640 661 1705 quae
682 1618 786 1683 fenori
818 1617 913 1684 datae
940 1627 1030 1683 erant
1057 1617 1109 1682 vel
1130 1618 1164 1681 in
1184 1638 1294 1682 mensa
1356 1621 1358 1624 ’

199 1749 366 1835 iacebant,
412 1772 642 1836 nonnunquam
676 1760 785 1816 tamen
825 1752 920 1816 etiam
957 1771 1014 1816 eae
1064 1771 1146 1836 quae
1181 1749 1293 1815 domus

202 1884 332 1948 seeretis
353 1884 431 1948 loeis
459 1883 685 1968 servabantur,
716 1884 879 1949 bominum
907 1884 1062 1949 calculum
1088 1881 1292 1967 effugiebant.

202 2014 297 2094 Quod
325 2016 366 2081 ad
397 2039 506 2082 servos
528 2026 561 2082 et
589 2018 817 2103 supellectilem
848 2018 979 2101 attinet,
1006 2018 1033 2081 si
1060 2015 1139 2081 duas
1168 2024 1294 2081 tantum

127 2144 131 2151 ⁴
202 2150 324 2233 priores
366 2149 616 2234 significationes
659 2151 866 2237 respioimus,
909 2172 1034 2235 semper
1068 2148 1110 2214 ad
1144 2142 1295 2235 φανερὰν

201 2270 318 2347 οὐσίαν
349 2255 572 2367 pertinebant,
613 2283 663 2347 sin
695 2283 843 2366 tertiam,
886 2281 947 2346 fuit
980 2302 1052 2345 eum
1081 2280 1230 2346 animalia
1261 2290 1294 2345 et

200 2415 345 2501 supellex
366 2417 400 2480 in
428 2416 584 2481 tributum
614 2414 809 2481 eonferenda
834 2438 899 2479 non
927 2426 1034 2500 erant,
1063 2413 1293 2501 posterioribus

200 2558 307 2613 autem
329 2547 525 2634 temporibus
548 2548 645 2613 etiam
666 2548 745 2613 haee
766 2541 895 2634 φανερὰ
917 2557 992 2613 sunt
1013 2548 1108 2614 faeta.

285 2679 351 2747 Sed
372 2681 452 2746 haee
471 2681 636 2773 haetenus.
672 2680 768 2746 Nune
789 2702 865 2745 vero
887 2680 927 2745 de
947 2682 1036 2745 vocis
1062 2678 1186 2747 ἔπιπλα
1208 2680 1292 2766 apud

200 2812 328 2878 Atticos
349 2836 409 2878 usu
429 2813 600 2878 dicendum
631 2822 690 2898 est,
720 2835 817 2900 quam
839 2834 910 2878 oum
935 2813 1078 2879 homines
1108 2814 1294 2900 posterioris

200 2946 315 3009 aetatis
351 2945 436 3011 bona
474 2946 606 3014 mobilia
643 2947 842 3032 significasse
877 2946 1001 3032 disant,
1033 2969 1094 3032 ego
1120 2968 1294 3033 numquam

200 3075 350 3154 ferehoe
377 3100 472 3143 sensu
493 3100 514 3143 a
534 3077 743 3164 scriptoribus
764 3101 840 3144 vere
861 3080 979 3143 Atticis
1007 3088 1194 3164 usurpatam
1222 3100 1293 3144 esse

199 3209 238 3273 iis
260 3230 342 3294 quae
363 3220 541 3296 sequnntur
562 3233 730 3297 exponam.
774 3211 1011 3276 Posterioribus
1036 3213 1120 3284 enim
1142 3212 1292 3297 tempori·

199 3340 259 3404 bus
281 3363 353 3408 eum
375 3342 493 3408 Graeci
506 3343 724 3409 Romanorum
744 3345 814 3410 iure
834 3345 959 3430 privato
981 3345 1110 3428 cognito
1130 3344 1192 3430 ipsi
1214 3364 1291 3428 quo·
1368 3410 1371 3416 ,

200 3496 263 3559 que
285 3475 370 3540 bona
389 3475 520 3542 mobilia
541 3486 573 3541 et
594 3476 769 3573 immobilia
794 3475 974 3542 discernere
995 3476 1175 3560 coepissent
1195 3485 1293 3562 atque

199 3608 260 3673 illis
281 3630 399 3674 nomen
416 3607 610 3674 indidissent
631 3604 772 3689 ἔπιπλα,
799 3608 882 3674 'haee
903 3597 1021 3675 οὐσίαν
1042 3604 1170 3694 ἔγγειον
1189 3609 1291 3674 nomi·

199 3762 277 3806 nare
297 3743 447 3825 solerent,
469 3740 589 3805 laetum
606 3749 662 3825 est,
684 3751 720 3805 ut
741 3741 941 3826 grammatici
962 3742 1123 3806 nonsatis
1144 3750 1293 3806 aeeurate

199 3895 304 3959 neque
334 3874 506 3960 diligenter
536 3884 697 3939 oratorum
726 3874 805 3939 loeis
839 3874 1030 3960 comparatis
1060 3873 1144 3938 hane
1175 3894 1292 3938 novam

200 4004 357 4070 bonorum
378 4006 568 4072 divisionem
589 4007 631 4072 ad
652 4007 859 4071 vetustiorem
881 4027 1008 4092 quoque
1029 4015 1167 4071 aetatem
1188 4014 1291 4070 trans·
1403 4047 1405 4050 v

200 4137 329 4204 ferrent.
362 4139 413 4204 Ex
436 4140 717 4225 grammaticorum
730 4148 838 4205 autem
860 4138 1008 4225 operibus
1029 4136 1182 4204 ἐπίπλων
1195 4139 1291 4203 inter·

199 4273 337 4356 pretatio
370 4273 497 4337 transiit
526 4274 560 4337 in
590 4274 695 4337 lexica
724 4283 756 4337 et
777 4271 906 4356 scholia,
928 4292 1010 4357 qnae
1041 4269 1189 4335 adeunda
1217 4279 1292 4335 sunt

1071 4378 1092 4453 2
