3084 4800
119 1712 122 1720 “
243 1721 247 1729 “
289 1705 379 1785 Quae
407 1706 535 1771 lecturis
564 1672 616 1771 hic
645 1703 777 1769 offeram
808 1704 925 1788 exigua
953 1712 1029 1768 sunt
1049 1724 1128 1789 prae
1148 1704 1193 1768 eis
1215 1724 1297 1789 quae

153 1896 156 1903 .
206 1859 290 1902 nunc
317 1839 351 1902 in
379 1838 538 1924 opusculis
563 1838 627 1902 suis
648 1839 768 1902 tirones
791 1836 859 1901 fere
879 1836 984 1901 solent
1004 1834 1168 1922 praebere.
1210 1836 1310 1902 Numv

205 1991 309 2056 neque
338 1971 439 2036 multa
460 1980 544 2055 sunt,
576 1981 612 2036 ut
632 1970 833 2057 plagularum
860 1971 952 2055 copia
971 1970 1023 2034 vel
1045 1968 1149 2034 obiter
1169 1970 1296 2034 intuens

205 2105 308 2188 possis
344 2103 497 2170 oblectari
527 2126 631 2191 neque
662 2103 833 2189 splendent
860 2123 1016 2167 novarum
1044 2103 1296 2167 coniecturarum

201 2237 415 2302 lectionumve
430 2259 469 2302 ex
491 2236 653 2302 codicibus
673 2236 860 2302 collatarum
881 2237 1076 2300 ornamentis
1097 2255 1202 2320 neque
1221 2233 1295 2299 doc-

202 2372 305 2437 trinae
334 2371 388 2436 illo
417 2370 511 2456 flore,
540 2371 567 2437 si
596 2370 646 2436 fas
675 2379 724 2437 est
754 2369 877 2455 dicere,
906 2369 1045 2454 insignia
1065 2377 1156 2453 sunt,
1187 2368 1242 2455 qui
1262 2369 1296 2433 in

201 2506 355 2571 mutilatis
384 2505 549 2571 titulorum
569 2506 710 2593 reliquiis
732 2506 886 2570 siminus
908 2501 1113 2568 emendandis
1135 2502 1295 2588 explican-

201 2637 292 2703 disve
328 2647 362 2704 at
397 2637 614 2703 exscribendis
652 2648 761 2703 tamen
790 2646 822 2703 et
849 2636 890 2703 ad
918 2637 1082 2701 literarum
1111 2634 1232 2699 formas
1263 2643 1295 2698 et

201 2780 321 2857 puncta
349 2781 381 2837 et
403 2793 502 2837 uncos
523 2771 733 2858 depingendis
755 2771 850 2836 hodie
872 2771 1023 2836 cernitur.
1065 2768 1112 2834 At
1132 2790 1205 2833 mea
1224 2789 1294 2833 ver·

200 2905 279 2969 titur
289 2915 358 2970 tota
371 2906 515 2991 quaestio
530 2906 564 2970 in
578 2904 764 2990 colligendis
782 2903 1094 2989 interpretandisque
1105 2902 1294 2988 scriptorum

200 3036 277 3101 locis
305 3038 508 3123 pertinetque
537 3037 580 3102 ad
604 3037 773 3101 nonnullas
793 3058 890 3101 voces
912 3034 1054 3101 Graecas
1076 3031 1293 3118 explicandas,

201 3190 279 3255 ques
306 3190 377 3233 cum
403 3168 486 3256 apud
508 3172 678 3256 scriptores
700 3168 885 3253 saepissime
908 3175 1078 3251 usurpatas
1100 3165 1294 3230 invenissem

199 3322 303 3387 neque
317 3322 399 3387 quae
413 3301 453 3367 ab
475 3301 655 3367 hominibus
676 3300 779 3366 doctis
801 3299 842 3365 de
863 3320 972 3365 earum
993 3320 1052 3362 usu
1073 3296 1199 3383 prolata
1219 3305 1294 3361 sunt

200 3433 241 3498 ab
269 3436 356 3499 omni
376 3446 468 3521 parte
489 3435 565 3500 mihi
585 3433 771 3500 viderentur
792 3434 950 3518 sufficere,
971 3452 1040 3498 rem
1061 3431 1107 3494 ita
1127 3430 1294 3497 instituere

198 3569 365 3634 consilium
376 3570 454 3654 cepi,
470 3578 507 3634 ut
519 3590 614 3656 quam
627 3589 755 3655 possem
769 3567 1015 3652 diligentissime
1028 3566 1176 3662 perlectis
1189 3563 1293 3628 bonae

198 3704 313 3767 aetatis
345 3701 552 3788 scriptoribus
582 3701 687 3767 denuo
717 3702 951 3783 examinarem,
981 3719 1063 3784 quae
1091 3705 1176 3763 esset
1206 3694 1291 3781 apud

198 3833 325 3899 Atticos
363 3836 533 3920 scriptores
572 3834 763 3919 significatio
810 3831 1040 3898 adiectivorum
1076 3820 1221 3914 φανερὸς
1259 3836 1292 3892 et

197 3954 326 4051 ἀφανὴς
348 3988 420 4031 cum
434 3966 633 4032 substantivo
656 3957 750 4034 oriola
774 3968 1015 4032 coniunctorum
1037 3972 1070 4028 et
1090 3960 1291 4044 substantivi,

198 4096 283 4182 quod
297 4119 527 4185 nonnunquam
541 4100 631 4164 iuxta
645 4121 698 4164 eas
712 4121 808 4164 voces
829 4108 991 4185 comparet
1014 4094 1158 4163 ἔπιπλον
1177 4094 1230 4168 vel
1250 4130 1291 4140 —·

197 4251 272 4295 nam
293 4231 407 4317 plurali
427 4253 558 4297 numero
583 4231 664 4296 solet
685 4233 831 4319 usurpari
853 4269 893 4280 -
915 4229 1049 4297 ἔπιπλα.
1093 4225 1290 4311 colligendis

1045 4336 1091 4408 1*

617 4511 851 4625 cussus
