3084 4800
696 511 904 578 ...26-

259 710 340 762 uooe
360 692 484 763 ἔπιπλα
507 693 824 778 comprehenderunt.
867 693 951 762 Sunt
981 695 1079 779 igitur
1101 697 1292 761 vestimenta
1312 705 1346 760 et

256 828 359 894 omnis
379 828 756 914 generisinstrumentu,
787 850 869 915 quae
898 839 931 893 et
959 828 991 892 in
1019 829 1117 893 sacris
1138 828 1292 894 faciendis
1313 838 1346 894 et

255 960 296 1026 ad
317 963 462 1048 quemvis
496 963 529 1028 in
560 961 654 1027 domo
686 984 779 1027 usum
812 972 844 1027 et
872 963 1014 1031 laborem
1036 961 1238 1028 adhibentur.
1279 961 1345 1030 Sed

254 1094 331 1161 illud
354 1105 404 1161 est
436 1095 614 1160 cavendum
644 1118 686 1162 ne
714 1106 862 1182 putemus
887 1117 1000 1161 vocem
1030 1093 1154 1163 ἔπιπλα
1182 1099 1346 1163 notionem

256 1249 386 1312 prorsus
408 1228 573 1293 definitam
594 1231 730 1302 certisve
751 1229 868 1294 finibus
896 1231 1167 1315 circumscriptam
1187 1230 1345 1298 habuisse.

257 1363 341 1430 Nam
363 1371 399 1428 ut
419 1363 533 1428 latiore
563 1386 657 1429 sensu
685 1365 756 1429 aliis
783 1363 869 1428 locis
889 1363 981 1448 (Lys.
1013 1361 1054 1428 de
1075 1363 1239 1449 Aristoph.
1273 1365 1346 1430 bon.

256 1501 276 1578 ξ
296 1498 346 1580 31,
376 1496 477 1562 Thuc.
500 1497 530 1580 3,
552 1497 607 1582 68)
630 1519 669 1562 eu
689 1518 753 1561 vox
768 1505 954 1582 usurpatur,
972 1497 1018 1561 ita
1039 1498 1109 1563 aliis
1131 1520 1213 1583 quae
1233 1500 1346 1585 epiplis

255 1632 459 1697 continentur
491 1654 529 1697 ea
559 1632 650 1696 iuxta
677 1631 731 1695 illa
762 1651 904 1696 seorsum
936 1642 1232 1696 commemorantur.
1292 1632 1364 1728 sie,

256 1766 449 1831 vestimentu
463 1787 546 1850 quae
560 1763 645 1850 apud
659 1764 809 1849 Xenoph.
826 1763 946 1830 Oecon.
961 1763 1014 1828 IX
1028 1765 1048 1829 6
1064 1765 1175 1850 epiplis
1196 1764 1346 1830 minume·
1364 1754 1366 1758 Α

255 1906 367 1965 rantur
395 1896 535 1982 uLysiu
563 1919 590 1961 c.
612 1896 702 1961 Erat.
732 1900 751 1978 ξ
786 1897 823 1960 19
844 1906 876 1961 et
897 1919 924 1962 c.
945 1896 1042 1981 Diog.
1065 1900 1085 1978 ξ
1110 1897 1149 1962 15
1177 1907 1209 1962 et
1240 1919 1261 1962 e
1280 1897 1345 1962 De·

255 2028 422 2095 mosthene
456 2051 483 2093 c.
513 2028 641 2114 Aphob.
674 2029 692 2093 I
719 2032 739 2110 ὅ
769 2029 824 2112 10,
865 2037 994 2115 praeter
1029 2030 1222 2094 vestimento
1250 2031 1347 2094 etium

255 2182 334 2226 vasa
355 2163 528 2248 seperatim
549 2162 725 2230 afferuntur
745 2185 766 2228 a
789 2162 1010 2228 Demosthene
1031 2185 1057 2226 c.
1076 2161 1204 2247 Aphob.
1225 2161 1243 2227 I
1264 2165 1284 2243 ὅ
1308 2163 1347 2226 10

226 2304 227 2307 ’
255 2295 413 2362 κατέλιπε
427 2333 469 2342 -
483 2295 593 2361 αἰκίαν
607 2296 806 2379 τρισχιλίων,
829 2292 953 2360 ἔπιπλα
968 2293 1074 2362 δὲκαὶ
1089 2288 1270 2379 ίίπώματα
1290 2295 1347 2361 καί

254 2431 371 2516 χρυσία
392 2432 449 2497 καί
470 2424 583 2516 ἱμάτια
603 2457 632 2497 κ.
655 2454 684 2497 τ.
707 2436 735 2498 λ,
856 2493 857 2496 ,

259 2662 265 2670 ,
339 2589 402 2653 Pro
426 2587 549 2655 ἔπιπλα
580 2590 664 2676 apud
692 2588 911 2675 Phrynichum
933 2590 978 2675 (p.
1000 2589 1062 2653 334
1084 2587 1181 2671 Lob.)
1201 2587 1347 2670 legimus,

258 2723 456 2789 (lraecorum
477 2723 645 2788 nonnullos
667 2724 839 2809 scriptores
860 2723 964 2786 minus
979 2720 1061 2787 bene
1080 2742 1192 2785 vocem
1205 2718 1297 2803 ἐνδυ(
1321 2721 1348 2803 )·

256 2858 354 2942 μενία
382 2877 553 2942 usurpasse
586 2866 618 2921 et
650 2845 734 2942 apud
768 2854 902 2922 saidam
933 2878 958 2919 s.
980 2877 1010 2919 v.
1045 2852 1240 2939 ἑνδυσμενία
1269 2852 1349 2917 haec

258 3012 322 3055 vox
350 3013 407 3082 per
440 2987 563 3056 ἔπιπλα
597 2989 774 3076 explicatur
796 2999 828 3054 et
849 2988 988 3054 Pollucis
1010 2995 1122 3052 auctor
1141 2977 1177 3051 X
1199 2986 1238 3050 12
1276 3006 1348 3049 curn

260 3132 292 3188 et
307 3124 374 3210 ipse
388 3123 580 3208 ἑνίομενίας
594 3145 652 3208 pro
672 3119 796 3187 ἔπιπλα
817 3143 911 3186 usum
931 3122 1101 3206 vituperet,
1122 3118 1348 3205 praeferendas

259 3280 329 3323 esse
344 3279 438 3322 voces
450 3258 658 3343 παγκτησίαν
668 3247 688 3341 ἢ
697 3256 892 3341 παμπησίαν
902 3275 961 3318 nos
973 3252 1075 3318 docet.
1112 3253 1223 3338 Atque
1234 3251 1349 3316 Pollux

258 3391 344 3456 illam
375 3412 487 3456 rocem
527 3383 607 3468 τοίς
638 3382 786 3466 πολλούς
814 3410 982 3474 usurpare,
1015 3388 1168 3472 scriptum
1198 3383 1349 3450 exhibere

257 3505 472 3609 Ὀλυμπιάδος
493 3513 694 3610 ἀπογραφὴν
714 3522 806 3607 dicit3
827 3521 921 3587 nobis
943 3520 1160 3605 exemplorum
1174 3519 1276 3583 instar
1288 3516 1350 3581 loci

259 3656 429 3743 Polybiani
444 3660 562 3723 servati
588 3667 663 3722 sunt
676 3656 725 3722 IV
745 3656 795 3740 77,
819 3658 834 3720 1
852 3679 859 3720 :
881 3654 914 3721 σί
929 3655 964 3721 δὲ
978 3647 1171 3730 Μακεδόνες
1185 3642 1350 3730 είςπεσόν-

259 3815 314 3868 τες
334 3784 397 3878 τὴν
416 3791 478 3877 μὲν
498 3791 693 3877 ἐνδσμενίαν
714 3781 848 3856 ἅπασαν
868 3788 905 3855 ἐκ
926 3792 996 3854 τῶν
1017 3787 1135 3853 σίκιῶν
1152 3789 1350 3871 παραχρῆμα

260 3916 444 4011 διήρπασαν
472 3935 504 3990 et
526 3926 557 3990 V
589 3925 639 4006 81,
662 3927 681 3989 3
703 3949 711 3990 t
733 3917 819 3990 κατὰ
847 3916 909 4009 τὴν
936 3920 1062 4012 ἐσθῆτα
1090 3922 1146 3986 καὶ
1166 3912 1229 4006 τὴν
1248 3909 1352 4005 ἄλλην

258 4051 448 4144 περικοπὴν
469 4046 734 4143 σίνεπισήμαντος
763 4048 816 4121 διὰ
843 4047 883 4120 τὸ
903 4055 1060 4141 ποικίλην
1080 4049 1165 4120 εἶναι
1185 4041 1351 4118 κάκείνων

260 4183 322 4281 τὴν
343 4189 546 4276 ίνδὸμενίαν.
