3084 4800
693 484 900 549 ..14-

251 668 283 731 in
306 666 460 733 tributum
482 667 675 750 eonferenda
705 670 847 754 exeeptis
875 669 996 734 seilicet
1011 669 1050 733 iis
1072 690 1155 755 quae
1174 671 1344 755 magistra·

250 809 340 866 tuum
361 801 469 866 oculos
497 800 709 887 effugiebant,
738 812 846 868 tamen
867 804 1051 888 saepissime
1072 812 1217 868 oratores
1239 804 1345 890 pristi-

250 954 327 997 num
357 932 445 998 illum
470 957 592 1000 morem
619 937 653 1000 in
676 938 913 1022 computatione
934 957 1042 1002 rerum
1064 935 1271 1001 observantes
1294 940 1345 1003 vel

239 1068 480 1165 posterioribus
510 1069 707 1155 temporibus
731 1091 811 1134 vooe
832 1062 961 1156 φανερὰ
981 1068 1068 1135 bona
1088 1079 1214 1135 tantum
1233 1071 1344 1135 immo·

249 1198 327 1267 bilia
348 1200 547 1286 significant,
579 1224 651 1267 oum
675 1212 800 1268 ceterae
820 1226 871 1268 res
892 1205 1081 1289 praesertim
1102 1204 1256 1289 pecuniae
1276 1204 1344 1267 sint

249 1323 387 1416 ῶφανεῖς
407 1336 448 1400 ab
468 1337 507 1400 iis
528 1336 723 1422 appellatae,
755 1359 949 1424 quamquam
969 1360 1011 1402 ne
1040 1337 1101 1403 hae
1122 1338 1251 1424 quidem
1276 1346 1344 1402 tum

250 1479 341 1533 erant
354 1470 518 1570 immunes.
561 1471 616 1537 Sio
630 1472 662 1535 in
679 1468 767 1557 [Lysl
788 1480 867 1536 orat.
889 1494 947 1557 pro
962 1471 1084 1556 Polyst.
1106 1473 1181 1553 §33
1201 1472 1341 1555 legimus

251 1595 313 1678 έῶς
322 1600 384 1686 μὲν
396 1594 459 1688 γὰρ
481 1594 592 1688 εἰρήνη
613 1591 663 1688 ἦν,
684 1584 762 1689 ημῖν
782 1596 911 1689 φανερὰ
933 1592 1029 1669 οὐσία
1049 1605 1105 1669 καὶ
1125 1588 1167 1689 ἦν
1188 1594 1206 1669 ὃ
1228 1597 1340 1690 πατὴρ

164 1729 167 1734 ’
249 1725 377 1821 ἀγαθὸς
391 1728 537 1822 γεῶργδς
555 1745 587 1800 et
607 1737 641 1800 in
653 1736 746 1800 Dem.
770 1745 849 1800 orat.
872 1735 912 1812 de
933 1758 1012 1821 pace
1032 1735 1142 1800 habita
1163 1759 1193 1822 p.
1215 1738 1256 1802 59
1281 1739 1301 1817 ἓ
1324 1737 1343 1802 8

249 1869 461 1956 Neoptolemo
477 1871 577 1935 autori
599 1870 769 1956 opprobrio
785 1872 920 1936 vertitur
933 1858 1074 1957 quodliv
1094 1860 1212 1936 ἐνθάδ’
1227 1870 1342 1954 (Athe-

248 1984 317 2087 nis)
329 2001 487 2089 ἐκέκτητο
510 1992 625 2069 οὐσίαν
647 1996 805 2089 φανερὰν,
824 1997 950 2089 ταύτην
970 2002 1183 2090 ἐξαργυρίσας
1204 2003 1341 2069 Athenis

250 2134 330 2201 abiit
351 2145 383 2200 et
404 2137 438 2199 in
457 2136 645 2221 Apollodori
675 2147 752 2200 orat.
781 2159 807 2200 e.
830 2136 951 2222 Polyel.
974 2159 1005 2222 p.
1028 2138 1108 2202 1208
1130 2134 1152 2218 ξ
1170 2138 1190 2202 8
1212 2136 1342 2223 Apollo-

249 2267 345 2333 dorus
376 2267 608 2352 adrogantibus
637 2267 743 2332 verbis
772 2292 806 2334 se
828 2271 973 2354 quamvis
1002 2270 1194 2335 trierarchus
1226 2269 1340 2335 fuisset

211 2487 214 2493 Ι
249 2411 356 2467 tamen
386 2404 463 2467 satis
498 2424 649 2487 magnam
676 2405 831 2488 pecuniae
862 2405 987 2489 oopiam
1016 2403 1226 2469 contribuisse
1256 2403 1342 2485 dicit,

249 2537 325 2621 quia
338 2538 371 2600 in
387 2535 603 2638 tribus'pagis
626 2558 721 2620 agros
743 2535 916 2620 habuisset,
939 2530 1056 2621 (δόξαν
1075 2529 1137 2622 γὰρ
1159 2527 1236 2621 ὑμῖν
1256 2528 1342 2623 ὑπὲρ

248 2674 318 2736 τῶν
332 2671 486 2755 δημοτῶν
500 2662 580 2746 τοὺς
597 2663 780 2750 βουλευτὰς
800 2658 996 2754 ἀπενεγκεῖν
1016 2662 1095 2746 τοὺς
1116 2672 1342 2756 προειςοῖοον-

247 2827 307 2879 τας
323 2806 393 2868 τῶν
406 2826 443 2868 τε·
465 2803 619 2888 δημοτῶν
639 2803 694 2868 καὶ
707 2806 778 2867 τῶν
799 2801 1057 2888 ἐγκεκτημένων,
1079 2803 1340 2890 προςαιιηνέχθη

247 2959 313 3021 μου
333 2926 481 3020 τοῦνομα
503 2933 540 3000 έν
557 2947 703 3021 τριττοῖς
724 2928 839 3020 δήμοις
860 2928 914 3000 διὰ
935 2928 975 3000 τὸ
998 2928 1148 3021 φανερὰν
1169 2931 1254 3001 εἶναί
1273 2959 1339 3021 μου

247 3062 308 3154 τὴν
337 3058 466 3152 οὐσίαν)
499 3076 531 3132 et
558 3067 740 3132 Dinarchus
768 3066 827 3148 l§
859 3068 900 3131 70
928 3066 1036 3131 verbis
1067 3070 1123 3132 καὶ
1151 3072 1220 3133 ιιοῦ
1248 3068 1340 3134 τοῦτ’

248 3199 318 3267 ἐστὶ
346 3202 475 3268 δίκαιον
495 3173 536 3247 ’-
565 3194 644 3277 τοές
671 3199 732 3285 μὲν
761 3193 910 3285 φανερὰν
940 3204 1123 3286 κεκτῆσθαι
1142 3194 1204 3286 τὴν
1225 3191 1342 3268 οὐσίαν

247 3323 392 3400 soldrad
413 3327 535 3418 ταύτης
564 3332 742 3419 εἰςφέρειν,
770 3333 807 3399 οὲ
829 3333 865 3399 δὲ
886 3336 992 3400 πλεῖοι
1014 3324 1034 3397 δ’
1053 3327 1264 3419 πεντήκοντα
1284 3334 1341 3401 καὶ

248 3459 370 3532 ἑκατὸν
390 3458 555 3545 τάλαντα,
577 3458 619 3530 τὰ
635 3465 697 3549 μὲν
718 3464 756 3531 ἐκ
777 3469 847 3531 τῶν
866 3469 1063 3546 βασιλικῶν,
1090 3460 1132 3532 τὰ
1156 3466 1191 3567 δέ
1213 3464 1251 3531 έκ
1271 3470 1341 3531 τῶν

246 3588 461 3684 Ἀλεξάνδρου
486 3592 691 3683 πραγμάτων
717 3598 902 3684 εἰληφέναι,
931 3598 1034 3686 μηδὲν
1066 3599 1101 3664 δὲ
1132 3572 1280 3685 φανερὸν
1304 3597 1342 3664 έν

247 3736 287 3816 τη
307 3726 406 3797 πόλει
426 3735 609 3817 κεκτῆσθαι
623 3732 756 3817 opponit
776 3732 943 3817 peeuniam
965 3720 1061 3822 οὐσίᾳ
1082 3736 1211 3821 φανερᾷ
1233 3731 1340 3795 fundis

247 3864 376 3949 seilicet,
398 3864 484 3929 unde
504 3855 659 3929 tributum
676 3864 835 3949 penditur.
879 3864 952 3928 Huo
973 3866 1070 3929 otiam
1092 3865 1231 3949 pertinet
1252 3863 1338 3948 frag·

246 4008 389 4061 mentum
429 3996 547 4083 Lysiae
588 3998 621 4061 in
653 3995 771 4063 Suidae
802 3996 904 4061 lexico
948 4018 973 4061 s.
1005 4018 1034 4060 v.
1080 3986 1175 4061 οὐσία
1213 3989 1340 4081 φανερὰ

246 4130 302 4194 καὶ
322 4119 451 4215 ῶφανης
473 4137 634 4193 servatum
654 4127 683 4193 εἰ
704 4121 848 4214 μὲνγὰρ
870 4118 990 4214 ἀγροὺς
1011 4128 1190 4194 κατέλιπεν
1210 4116 1339 4213 Ἀνδρο-

236 4243 374 4348 ικῖῖεῖδης
400 4253 420 4347 ἢ
448 4252 550 4348 ἄλλην
578 4253 726 4347 φανερὰν
754 4250 886 4340 οὐσίαν,
914 4259 991 4346 ἐξῆν
1011 4252 1054 4326 ἂν
1074 4264 1124 4346 τῶ
1143 4262 1339 4347 βουλομένῳ
