3084 4800
628 487 835 557 ..19-

104 686 106 690 ’
156 677 290 761 ,πολῆς
324 663 407 740 ὄντα
442 678 512 741 τῶν
545 667 743 760 κτημάτων·
782 665 801 739 ὃ
833 679 916 759 γοῦν
946 666 1096 752 Εὔπολις
1130 671 1168 740 ἒν
1202 687 1274 752 τοῖς

184 802 310 889 Κόλαξι
328 800 519 901 προειπών·

383 933 495 1008 Ἄκουε
517 935 554 1008 di
578 935 678 1027 σκεύη
697 934 740 1006 τὰ
759 941 833 1006 κατ’
854 939 965 1006 οἰκίαν

185 1067 328 1159 ἐπήγαγε

344 1284 348 1291 ⁴
384 1199 591 1291 Παραπλήοι’
609 1196 692 1272 ὄντα
713 1225 766 1273 οοι
787 1207 969 1293 γέγραπται
989 1197 1141 1273 τᾶπιπλα

186 1335 375 1422 quibuscum
403 1339 430 1401 si
459 1338 652 1403 conferimus
673 1341 735 1404 lex.
757 1338 878 1405 Herod.
900 1364 930 1406 κ.
953 1330 1030 1422 ἄλο.
1050 1362 1075 1405 s.
1098 1362 1128 1405 v.
1151 1337 1276 1406 ἔπιπλα

186 1466 310 1535 ἔπιπλα
331 1460 352 1555 ⁷‘2
372 1463 416 1556 μὴ
435 1473 552 1552 βεβαία
574 1476 686 1558 κτῆσις
712 1461 784 1538 ἀλλ’
811 1465 1007 1550 ἐπιπόλαιος
1029 1482 1061 1537 et
1082 1471 1276 1557 Gregorium

187 1602 387 1667 Corinthium
420 1604 460 1668 de
491 1602 635 1669 dialectis
666 1627 696 1689 p.
726 1605 789 1669 514
819 1601 942 1669 ἔπιπλα
971 1596 1033 1689 τὴν
1060 1597 1105 1689 μὴ
1133 1608 1278 1686 βαθεῖαν

185 1740 300 1821 κτῆσιν
321 1727 393 1802 ἀλλ’
414 1735 644 1825 ἐξέπιπολῆς,
675 1738 779 1803 elucet
801 1734 935 1816 ἔπιπλα,
963 1746 1078 1822 utpote
1097 1736 1212 1822 quibus
1232 1736 1277 1800 ibi

185 1858 205 1952 ἡ
224 1868 347 1949 βεβαία
363 1869 415 1933 hic
435 1859 456 1954 ἡ
475 1873 597 1950 βαθεῖα
618 1874 731 1955 κτῆσις
761 1880 955 1956 opponatur,
984 1870 1201 1953 grammaticis
1222 1891 1276 1934 eas

185 2000 284 2065 fuisse
305 2022 356 2065 res
378 2023 460 2086 quae
481 2002 551 2066 loco
580 2024 645 2067 non
673 2001 840 2068 haererent
867 2023 973 2088 neque
999 2001 1160 2066 radicibus
1190 2012 1276 2066 tene

184 2144 304 2217 rentur,
327 2132 383 2198 sed
400 2155 482 2220 quae
503 2136 574 2199 cum
595 2134 631 2215 ἐξ
652 2106 815 2220 ἐπιπολῆς
836 2136 856 2199 i.
878 2157 905 2199 e.
927 2136 960 2198 in
982 2133 1150 2219 supellicio
1170 2144 1277 2198 essent

188 2268 308 2331 moveri
348 2277 488 2353 possent.
538 2268 647 2353 Atque
682 2269 767 2354 apud
796 2268 960 2333 Pollucem
998 2267 1072 2332 huic
1100 2266 1276 2353 veriloquio

187 2375 332 2465 additum
361 2411 411 2465 est
431 2400 597 2486 Eupolidis
627 2400 667 2466 de
689 2400 848 2467 ’ἐπίπλων
875 2400 1108 2485 significatione
1135 2401 1275 2465 testimo·

187 2533 284 2616 nium,
307 2534 395 2598 cuius
420 2534 590 2617 vestigium
619 2535 652 2597 in
674 2533 851 2619 Phrynichi
879 2535 1028 2598 lexicos.
1050 2555 1080 2597 v.
1103 2531 1276 2617 ἐνδομενὶα

187 2673 277 2729 extat
303 2686 334 2749 p.
356 2664 419 2729 334
439 2664 534 2730 Lob:
555 2664 729 2751 ἐνδομενία
749 2655 907 2751 ἀμαθῶς·
931 2665 1008 2732 δέον
1029 2666 1148 2743 διττῶς
1168 2665 1277 2749 λέγειν

187 2786 392 2874 ὡςΕὔπολις
401 2791 557 2877 Κόλαξιν,
580 2792 679 2884 σκεύη
698 2791 739 2864 τὰ
753 2791 839 2864 κατὰ
859 2791 921 2884 τὴν
941 2797 1051 2864 οἰκίαν
1064 2799 1120 2864 καὶ
1143 2795 1276 2864 ἔπιπλα.

187 2929 324 2994 Accedit
351 2929 566 3015 Harpocratio
595 2951 620 2994 s.
652 2952 681 2994 v.
711 2928 863 2997 ἔπιπλον.
893 2919 1006 3007 Ἰοαῑος
1037 2930 1075 2996 ἐν
1107 2935 1156 3017 τῷ
1191 2924 1277 3017 πρὸς

186 3063 343 3128 Διοκλέα·
373 3056 415 3129 τὰ
436 3056 521 3128 κατὰ
543 3056 605 3148 τὴν
626 3062 736 3129 οἰκίαν
765 3056 866 3147 σκεύη
895 3059 1019 3127 ἔπιπλα
1046 3062 1187 3147 λέγουσι,
1216 3057 1278 3148 τὴν

187 3191 261 3262 οἷον
288 3190 490 3263 ἐπιπόλαιον
526 3198 642 3282 κτῆσιν
675 3197 731 3261 καὶ
767 3197 1048 3280 μετακομίζεσθαι
1083 3196 1276 3281 δυναμένην.

183 3336 367 3418 Σοφοκλῆς
396 3321 577 3417 Ἀθάμαντι
607 3331 662 3415 (cf.
692 3330 770 3395 Hes.
800 3352 825 3395 s.
853 3351 882 3394 v,
915 3327 1054 3412 ἔπιπλα)
1085 3337 1117 3393 et
1140 3330 1278 3413 epitome

63 3527 65 3532 ,
187 3461 312 3530 ἔπιπλα
332 3457 375 3530 τὰ
395 3463 593 3550 ἐξεπιπολῆς
613 3458 714 3549 σκεύη
735 3458 810 3529 οἷον
830 3453 851 3549 ἡ
870 3455 1070 3536 ἐπιπόλαιος
1089 3464 1202 3545 κτῆσις
1222 3460 1278 3526 καὶ

186 3588 247 3683 ὅση
267 3590 392 3682 moazi]
411 3596 611 3680 πλοΐζεοθαι
631 3596 687 3661 καὶ
708 3584 771 3661 οὐκ
793 3592 927 3681 ἔγγειος,
958 3615 1040 3679 quae
1061 3591 1161 3658 verba
1180 3592 1276 3656 inter·

185 3729 320 3795 cedente
340 3729 467 3813 Photio,
489 3739 525 3793 ut
546 3731 643 3813 vulgo
664 3731 789 3813 putant,
817 3728 851 3792 in
871 3726 1008 3792 lexicum
1036 3750 1128 3792 suum
1157 3728 1278 3813 recepit

186 3860 303 3928 Suidos
318 3884 344 3927 s.
359 3884 389 3927 v.
405 3861 480 3928 ἐπ.8
495 3883 641 3947 quaeque
661 3862 758 3925 etiam
780 3869 908 3945 praeter
924 3859 988 3925 alia
1008 3860 1164 3946 praebent
1178 3860 1275 3925 schol.

186 3992 264 4059 Luc.
292 4016 322 4079 p.
344 3995 385 4060 69
413 3994 478 4060 lac.
510 4005 543 4059 et
563 3994 673 4079 Etym.
700 4015 808 4078 magn.
839 4016 863 4057 s.
885 4016 915 4057 v.
945 3990 1077 4059 ἔπιπλα.
1108 3992 1277 4059 Accedunt

185 4128 358 4192 lexicorum
389 4130 613 4194 nonnullorum
640 4128 785 4193 membra
815 4148 897 4212 quae
927 4148 1121 4213 quamquam
1142 4128 1278 4192 alterum

186 4269 313 4325 tantum
341 4262 551 4347 veriloquium
579 4269 837 4341 commemorant,
859 4268 966 4323 tamen
987 4259 1028 4324 ad
1050 4259 1186 4325 eundem
1207 4261 1276 4324 fon-

1030 4367 1079 4435 2*
