3084 4800
702 468 911 535 ..12-

256 643 357 738 οκεύη
387 653 443 718 καὶ
465 644 552 728 ὅλως
571 613 722 739 χρήματα
743 653 910 741 reliquisse
931 654 1015 720 haud
1036 625 1231 739 ignorarent.
1274 654 1351 734 Qui-

256 785 316 851 bus
340 786 521 874 opprobriis
544 809 615 852 eum
636 788 863 856 Demosthenis
886 791 983 856 eliens
1004 789 1206 876 respondeat,
1227 799 1352 876 patrem

256 920 384 986 illorum
396 921 478 1007 χρέα
495 920 624 1007 quidem
637 923 714 987 satis
729 923 838 1007 multa,
860 923 917 988 sed
930 944 1062 1008 parvam
1075 911 1191 989 οάοίαν
1205 917 1353 1009 φανερὰν

259 1052 418 1138 habuisse,
441 1053 482 1119 ab
497 1078 534 1120 eo
560 1077 632 1120 esse
654 1046 756 1142 οκείιη
776 1056 817 1121 ad
839 1049 988 1142 φανερὰν
1009 1045 1125 1123 οάοίαν
1146 1056 1354 1123 adnumerata

257 1188 461 1273 perspicuum
482 1196 540 1253 est.
584 1190 672 1254 Φασὶ
692 1180 773 1275 γὰρ,
795 1190 908 1275 inquit,
930 1180 993 1256 ὅσα
1014 1178 1129 1267 αὐτοῖς
1148 1190 1354 1276 κατελείφθη

256 1321 338 1406 χρία
353 1323 410 1388 καὶ
424 1314 524 1408 σκεύη
534 1323 590 1388 καὶ
604 1312 692 1399 ὅλως
711 1315 872 1409 χρήματα,
894 1323 993 1389 ταῦθ’
1015 1320 1145 1389 ἑαυτῶν
1164 1324 1353 1409 γίγνεσθαι·

256 1447 323 1540 ἐγώ
352 1454 380 1521 δ
388 1450 451 1521 οίδ
472 1445 617 1535 ἀκούων,
639 1447 693 1521 ὅτι
714 1448 776 1541 τὴν
797 1444 915 1522 οάοίαν
932 1452 1143 1543 Ξενοπείθης
1163 1458 1220 1522 καὶ
1233 1460 1354 1523 Nauor-

257 1581 380 1674 κράτης
400 1577 534 1655 ἀπαοαν
552 1589 633 1676 χρία
654 1588 838 1655 κατέλιπον
858 1590 915 1654 καὶ
936 1581 1086 1676 φανερὰν
1106 1588 1284 1676 ἐκέκτηντο
1305 1614 1354 1675 μι·

256 1715 341 1809 κράν
372 1746 456 1789 τινα.
499 1722 570 1791 Iam
602 1725 629 1788 si
656 1726 763 1810 pergit
793 1725 1066 1812 είςπραχθέντων
1092 1724 1129 1790 δὲ
1157 1727 1228 1789 τῶν
1246 1726 1355 1809 χρεῶν

258 1856 315 1922 καί
343 1879 448 1922 τινων
469 1860 598 1923 σκευῶν
617 1857 839 1942 πραθέντων,
871 1855 921 1924 ἔτι
940 1858 969 1923 δ’
990 1846 1217 1943 ἀνδραπόδων
1236 1856 1293 1921 καὶ
1313 1846 1355 1920 τὰ

183 1960 213 2053 Δ,
255 1990 362 2075 χωρία
391 1989 448 2054 καὶ
475 1980 536 2065 τὰς
564 1989 732 2066 συνοικίας
758 1984 920 2075 ἐπρίαντο
948 1999 1083 2076 apparet
1110 1996 1238 2074 praeter
1259 2008 1354 2072 agros

259 2131 291 2187 et
320 2122 433 2187 domus
463 2123 559 2187 etiam
580 2144 690 2223 servos
711 2132 744 2188 et
763 2123 995 2208 supellectilem
1016 2121 1058 2188 ad
1079 2122 1251 2188 manifesta
1270 2122 1357 2189 bona

257 2256 458 2342 pertinuisse.

342 2390 443 2456 Porro
465 2390 568 2457 Attici
597 2412 663 2457 non
691 2412 763 2456 eam
796 2400 922 2456 tantum
949 2391 1133 2478 pecuniam,
1160 2412 1258 2477 quam
1285 2390 1357 2478 quis

258 2523 313 2589 alii
325 2532 435 2589 mutuo
453 2522 551 2608 dedit,
567 2512 679 2609 ἀφανῆ
694 2524 861 2589 nominare
875 2523 1031 2607 solebant,
1053 2523 1109 2589 sed
1124 2523 1244 2589 factum
1260 2525 1356 2590 etiam

190 2678 193 2684 ·
259 2666 309 2722 est
329 2678 558 2743 nonnunquam
580 2666 617 2722 ut
637 2656 723 2722 illam
745 2658 902 2723 occultam
923 2656 1075 2739 dicerent,
1103 2676 1199 2742 quam
1221 2657 1292 2742 quis
1313 2656 1355 2722 ab

258 2791 321 2856 alio
337 2799 447 2856 mutuo
464 2790 597 2877 accepit.
639 2789 748 2855 Testis
764 2798 814 2854 est
828 2787 1023 2872 Andocides,
1045 2789 1099 2873 qui
1120 2789 1155 2852 in
1176 2797 1255 2854 orat.
1277 2791 1355 2877 περὶ

258 2941 352 3009 μυοτ.
393 2927 413 3005 ξ
443 2923 512 2989 118.
554 2923 682 3010 Epilyei
704 2921 868 3017 cuiusdam
888 2942 956 2986 rem
977 2920 1167 2987 familiarem
1187 2921 1302 2988 dividit
1322 2924 1356 2989 in

258 3055 345 3121 bona
372 3048 501 3142 φανερὰ
529 3057 550 3121 i.
581 3079 607 3121 e.
630 3076 669 3120 ea
689 3054 776 3121 bona
797 3076 880 3141 quae
900 3054 954 3120 ille
973 3054 1122 3120 manibus
1143 3055 1290 3141 tenebat,
1323 3065 1356 3122 ct

261 3188 431 3275 pecuniam
444 3188 486 3253 ab
504 3190 574 3275 ipso
596 3187 747 3253 debitam.
794 3182 840 3253 Τὰ
862 3187 898 3253 δὲ
918 3181 1106 3274 πράγματα,
1127 3188 1182 3272 ait,
1205 3182 1247 3255 τὰ
1270 3187 1357 3255 οἴκοι

257 3326 414 3408 πονηρῶς
444 3317 527 3407 εἶχε·
559 3313 620 3406 τὴν
645 3319 707 3406 μὲν
736 3314 800 3407 γὰρ
830 3314 979 3407 φανερὰν
1007 3310 1125 3388 οάοίαν
1155 3310 1233 3388 οὐδὲ
1263 3322 1357 3388 δυοῖν

261 3448 444 3522 ταλάντοιν
469 3453 645 3534 κατέλιπε,
673 3446 716 3520 τὰ
746 3453 783 3520 δὲ
805 3442 1006 3539 ὀφειλόμενα
1027 3454 1133 3520 πλέον
1152 3439 1195 3539 ἦν
1214 3444 1235 3540 ἢ
1254 3454 1356 3520 πέντε

259 3581 416 3655 τάλαντα.
460 3587 643 3653 Discrimen
672 3596 798 3672 tamen,
828 3585 914 3674 quod
936 3588 1020 3653 inter
1040 3586 1109 3652 hoo.
1122 3586 1302 3674 exemplum
1323 3595 1356 3652 et

261 3723 428 3807 superiora
442 3721 620 3805 intercedit,
641 3742 707 3785 non
721 3722 767 3786 ita
780 3740 934 3805 magnum
950 3718 1028 3785 mihi
1047 3719 1183 3802 videtur,
1206 3720 1357 3806 quoniam

260 3864 297 3921 ut
317 3855 351 3919 in
373 3854 435 3919 illis
464 3855 510 3920 ita
530 3855 565 3919 in
585 3853 646 3918 hoo
666 3854 822 3941 pecuniae
842 3861 982 3937 aguntur
988 3901 997 3936 ,
1027 3873 1110 3938 quae
1130 3859 1240 3916 mutuo
1262 3849 1357 3916 datae

258 3997 295 4053 et
324 3996 476 4072 acceptae
504 3995 597 4068 sunt,
628 4007 774 4072 quaeque
803 4006 875 4050 meo
897 3982 1013 4049 iudicio
1034 4005 1100 4050 non
1120 3992 1187 4049 tam
1208 3967 1357 4049 creditori

262 4142 359 4208 quam
382 4120 518 4187 debitori
540 4109 679 4203 ἀφανεῖς
700 4116 872 4205 aliquando
892 4119 1050 4183 nominari
1070 4126 1212 4203 possunt.
1248 4118 1357 4202 Atque

262 4254 342 4322 haec
362 4254 477 4339 habui,
501 4275 584 4342 quae
606 4252 745 4319 dicerem
765 4250 807 4319 de
827 4252 967 4317 secunda
986 4240 1138 4338 ἀφανοῐς
1157 4261 1191 4317 et
1211 4251 1357 4336 φανερᾶς
