<?xml version="1.0" encoding="UTF-8"?>
<!DOCTYPE html PUBLIC "-//W3C//DTD XHTML 1.0 Transitional//EN"
    "http://www.w3.org/TR/xhtml1/DTD/xhtml1-transitional.dtd">
<html xmlns="http://www.w3.org/1999/xhtml" xml:lang="en" lang="en">
 <head>
  <title>
</title>
<meta http-equiv="Content-Type" content="text/html;charset=utf-8" />
  <meta name='ocr-system' content='tesseract 3.04.00' />
  <meta name='ocr-capabilities' content='ocr_page ocr_carea ocr_par ocr_line ocrx_word'/>
</head>
<body>
  <div class='ocr_page' id='page_1' title='image "./denonnullisscri00willgoog_0019.png"; bbox 0 0 3084 4800; ppageno 0'>
   <div class='ocr_carea' id='block_1_1' title="bbox 638 423 845 489">
    <p class='ocr_par' dir='ltr' id='par_1_1' title="bbox 638 423 845 489">
     <span class='ocr_line' id='line_1_1' title="bbox 638 423 845 489; baseline -0.01 -16"><span class='ocrx_word' id='word_1_1' title='bbox 638 423 845 489; x_wconf 71' lang='lat'>..15-</span> 
     </span>
    </p>
   </div>
   <div class='ocr_carea' id='block_1_2' title="bbox 198 592 1290 831">
    <p class='ocr_par' dir='ltr' id='par_1_2' title="bbox 198 592 1290 831">
     <span class='ocr_line' id='line_1_2' title="bbox 198 592 1289 697; baseline -0.007 -19"><span class='ocrx_word' id='word_1_2' title='bbox 198 611 322 690; x_wconf 80' lang='grc' dir='ltr'><em>είιιείν,</em></span> <span class='ocrx_word' id='word_1_3' title='bbox 344 600 398 676; x_wconf 82' lang='grc' dir='ltr'>δτι</span> <span class='ocrx_word' id='word_1_4' title='bbox 420 592 520 686; x_wconf 80' lang='grc' dir='ltr'><em>οὗτος</em></span> <span class='ocrx_word' id='word_1_5' title='bbox 539 608 601 694; x_wconf 76' lang='grc' dir='ltr'><em>μὲν</em></span> <span class='ocrx_word' id='word_1_6' title='bbox 622 600 792 692; x_wconf 77' lang='grc' dir='ltr'><em>ψεύδεται,</em></span> <span class='ocrx_word' id='word_1_7' title='bbox 814 596 907 691; x_wconf 73' lang='grc' dir='ltr'><em>αυτῷ</em></span> <span class='ocrx_word' id='word_1_8' title='bbox 928 605 963 671; x_wconf 74' lang='grc' dir='ltr'>δὲ</span> <span class='ocrx_word' id='word_1_9' title='bbox 985 605 1133 697; x_wconf 70' lang='grc' dir='ltr'><em>δίδοται*</em></span> <span class='ocrx_word' id='word_1_10' title='bbox 1154 607 1232 692; x_wconf 80' lang='grc' dir='ltr'><em>περὶ</em></span> <span class='ocrx_word' id='word_1_11' title='bbox 1253 604 1289 671; x_wconf 75' lang='grc' dir='ltr'>δὲ</span> 
     </span>
     <span class='ocr_line' id='line_1_3' title="bbox 198 728 1290 831; baseline -0.005 -21"><span class='ocrx_word' id='word_1_12' title='bbox 198 734 356 831; x_wconf 91' lang='grc' dir='ltr'><em>ἀργυρίου</em></span> <span class='ocrx_word' id='word_1_13' title='bbox 382 743 440 808; x_wconf 81' lang='grc' dir='ltr'>καὶ</span> <span class='ocrx_word' id='word_1_14' title='bbox 459 742 597 828; x_wconf 79' lang='grc' dir='ltr'><strong><em>χρυσίου</em></strong></span> <span class='ocrx_word' id='word_1_15' title='bbox 617 742 674 807; x_wconf 81' lang='grc' dir='ltr'>καὶ</span> <span class='ocrx_word' id='word_1_16' title='bbox 695 729 846 822; x_wconf 84' lang='grc' dir='ltr'><em>ἀφανοῦς</em></span> <span class='ocrx_word' id='word_1_17' title='bbox 868 728 981 816; x_wconf 74' lang='grc' dir='ltr'><em>οὐσίας</em></span> <span class='ocrx_word' id='word_1_18' title='bbox 1002 740 1104 825; x_wconf 81' lang='grc' dir='ltr'><em>δῆλον</em></span> <span class='ocrx_word' id='word_1_19' title='bbox 1125 730 1178 805; x_wconf 77' lang='grc' dir='ltr'>ὅτι</span> <span class='ocrx_word' id='word_1_20' title='bbox 1199 729 1290 816; x_wconf 81' lang='grc' dir='ltr'><em>ὅστις</em></span> 
     </span>
    </p>
   </div>
   <div class='ocr_carea' id='block_1_3' title="bbox 96 864 1290 961">
    <p class='ocr_par' dir='ltr' id='par_1_3' title="bbox 96 864 1290 961">
     <span class='ocr_line' id='line_1_4' title="bbox 96 864 1290 961; baseline -0.007 -18"><span class='ocrx_word' id='word_1_21' title='bbox 96 929 98 932; x_wconf 44' lang='lat'>&gt;</span> <span class='ocrx_word' id='word_1_22' title='bbox 198 873 283 961; x_wconf 81' lang='grc' dir='ltr'><em>ἔχων</em></span> <span class='ocrx_word' id='word_1_23' title='bbox 303 864 389 942; x_wconf 71' lang='grc' dir='ltr'><em>αὐτὰ</em></span> <span class='ocrx_word' id='word_1_24' title='bbox 411 876 574 957; x_wconf 84' lang='grc' dir='ltr'><em>φαίνεται,</em></span> <span class='ocrx_word' id='word_1_25' title='bbox 595 866 708 959; x_wconf 82' lang='grc' dir='ltr'><em>τούτῳ</em></span> <span class='ocrx_word' id='word_1_26' title='bbox 730 873 871 951; x_wconf 84' lang='grc' dir='ltr'><em>δέδοται,</em></span> <span class='ocrx_word' id='word_1_27' title='bbox 898 871 954 935; x_wconf 94' lang='lat' dir='ltr'>ubi</span> <span class='ocrx_word' id='word_1_28' title='bbox 975 871 1150 937; x_wconf 87' lang='lat' dir='ltr'>secundum</span> <span class='ocrx_word' id='word_1_29' title='bbox 1170 893 1290 936; x_wconf 88' lang='lat' dir='ltr'>morem</span> 
     </span>
    </p>
   </div>
   <div class='ocr_carea' id='block_1_4' title="bbox 199 989 1402 1095">
    <p class='ocr_par' dir='ltr' id='par_1_4' title="bbox 199 989 1402 1095">
     <span class='ocr_line' id='line_1_5' title="bbox 199 989 1402 1095; baseline -0.006 -22"><span class='ocrx_word' id='word_1_30' title='bbox 199 1009 288 1073; x_wconf 93' lang='lat' dir='ltr'>illum</span> <span class='ocrx_word' id='word_1_31' title='bbox 308 1009 478 1095; x_wconf 88' lang='lat' dir='ltr'>pristinum</span> <span class='ocrx_word' id='word_1_32' title='bbox 500 1007 571 1092; x_wconf 82' lang='lat' dir='ltr'>agri</span> <span class='ocrx_word' id='word_1_33' title='bbox 586 1015 622 1070; x_wconf 87' lang='lat' dir='ltr'>ut</span> <span class='ocrx_word' id='word_1_34' title='bbox 644 994 741 1071; x_wconf 75' lang='lat' dir='ltr'>oriola</span> <span class='ocrx_word' id='word_1_35' title='bbox 763 996 891 1091; x_wconf 84' lang='grc' dir='ltr'><em>φανερὰ</em></span> <span class='ocrx_word' id='word_1_36' title='bbox 914 1013 1119 1090; x_wconf 88' lang='lat' dir='ltr'>opponuntur</span> <span class='ocrx_word' id='word_1_37' title='bbox 1139 1004 1292 1089; x_wconf 87' lang='lat' dir='ltr'>pecuniis,</span> <span class='ocrx_word' id='word_1_38' title='bbox 1400 989 1402 994; x_wconf 37' lang='lat'>⁵</span> 
     </span>
    </p>
   </div>
   <div class='ocr_carea' id='block_1_5' title="bbox 196 1130 1295 3088">
    <p class='ocr_par' dir='ltr' id='par_1_5' title="bbox 196 1130 1295 3088">
     <span class='ocr_line' id='line_1_6' title="bbox 197 1130 1292 1227; baseline -0.005 -22"><span class='ocrx_word' id='word_1_39' title='bbox 197 1162 277 1226; x_wconf 87' lang='lat' dir='ltr'>quas</span> <span class='ocrx_word' id='word_1_40' title='bbox 292 1140 334 1205; x_wconf 83' lang='lat' dir='ltr'>ad</span> <span class='ocrx_word' id='word_1_41' title='bbox 349 1130 461 1227; x_wconf 79' lang='grc' dir='ltr'><em>ἀφανῆ</em></span> <span class='ocrx_word' id='word_1_42' title='bbox 479 1133 630 1226; x_wconf 80' lang='grc' dir='ltr'><em>χρήματα</em></span> <span class='ocrx_word' id='word_1_43' title='bbox 645 1138 837 1224; x_wconf 81' lang='lat' dir='ltr'>pertinuisse</span> <span class='ocrx_word' id='word_1_44' title='bbox 851 1160 892 1202; x_wconf 87' lang='lat' dir='ltr'>ex</span> <span class='ocrx_word' id='word_1_45' title='bbox 906 1137 983 1223; x_wconf 91' lang='lat' dir='ltr'>ipsis</span> <span class='ocrx_word' id='word_1_46' title='bbox 997 1136 1171 1222; x_wconf 89' lang='lat' dir='ltr'>fragmenti</span> <span class='ocrx_word' id='word_1_47' title='bbox 1185 1137 1292 1203; x_wconf 88' lang='lat' dir='ltr'>verbis</span> 
     </span>
     <span class='ocr_line' id='line_1_7' title="bbox 196 1272 1290 1362; baseline -0.005 -21"><span class='ocrx_word' id='word_1_48' title='bbox 196 1285 340 1362; x_wconf 86' lang='lat' dir='ltr'>apparet.</span> <span class='ocrx_word' id='word_1_49' title='bbox 370 1275 441 1341; x_wconf 84' lang='lat' dir='ltr'>Nee</span> <span class='ocrx_word' id='word_1_50' title='bbox 471 1275 564 1341; x_wconf 88' lang='lat' dir='ltr'>aliter</span> <span class='ocrx_word' id='word_1_51' title='bbox 591 1276 624 1338; x_wconf 90' lang='lat' dir='ltr'>io</span> <span class='ocrx_word' id='word_1_52' title='bbox 654 1272 883 1338; x_wconf 83' lang='lat' dir='ltr'>Demosthenis</span> <span class='ocrx_word' id='word_1_53' title='bbox 912 1281 991 1337; x_wconf 86' lang='lat' dir='ltr'>orat.</span> <span class='ocrx_word' id='word_1_54' title='bbox 1022 1294 1080 1357; x_wconf 89' lang='lat' dir='ltr'>pro</span> <span class='ocrx_word' id='word_1_55' title='bbox 1103 1272 1231 1337; x_wconf 86' lang='lat' dir='ltr'>Phorm.</span> <span class='ocrx_word' id='word_1_56' title='bbox 1259 1293 1290 1357; x_wconf 88' lang='lat' dir='ltr'>p.</span> 
     </span>
     <span class='ocr_line' id='line_1_8' title="bbox 196 1391 1291 1494; baseline -0.004 -20"><span class='ocrx_word' id='word_1_57' title='bbox 196 1408 259 1474; x_wconf 74' lang='lat'>945</span> <span class='ocrx_word' id='word_1_58' title='bbox 286 1411 307 1491; x_wconf 65' lang='grc' dir='ltr'>ξ</span> <span class='ocrx_word' id='word_1_59' title='bbox 333 1408 354 1474; x_wconf 83' lang='lat'>5</span> <span class='ocrx_word' id='word_1_60' title='bbox 386 1398 421 1494; x_wconf 75' lang='grc' dir='ltr'>(ἡ</span> <span class='ocrx_word' id='word_1_61' title='bbox 448 1406 510 1493; x_wconf 73' lang='grc' dir='ltr'><em>μὲν</em></span> <span class='ocrx_word' id='word_1_62' title='bbox 536 1401 598 1494; x_wconf 82' lang='grc' dir='ltr'>γὰρ</span> <span class='ocrx_word' id='word_1_63' title='bbox 630 1404 754 1493; x_wconf 78' lang='grc' dir='ltr'><em>ἐ’γγειος</em></span> <span class='ocrx_word' id='word_1_64' title='bbox 784 1391 825 1492; x_wconf 77' lang='grc' dir='ltr'><em>ἦν</em></span> <span class='ocrx_word' id='word_1_65' title='bbox 852 1396 948 1472; x_wconf 77' lang='grc' dir='ltr'><em>οὐσία</em></span> <span class='ocrx_word' id='word_1_66' title='bbox 975 1407 1125 1472; x_wconf 80' lang='grc' dir='ltr'><em>Πασίωνι</em></span> <span class='ocrx_word' id='word_1_67' title='bbox 1150 1399 1291 1491; x_wconf 81' lang='grc' dir='ltr'><em>μάλιστα</em></span> 
     </span>
     <span class='ocr_line' id='line_1_9' title="bbox 198 1529 1292 1627; baseline -0.002 -20"><span class='ocrx_word' id='word_1_68' title='bbox 198 1534 372 1607; x_wconf 77' lang='grc' dir='ltr'><em>ταλάντων</em></span> <span class='ocrx_word' id='word_1_69' title='bbox 400 1539 515 1621; x_wconf 79' lang='grc' dir='ltr'><em>εἴκοσι,</em></span> <span class='ocrx_word' id='word_1_70' title='bbox 543 1529 703 1627; x_wconf 79' lang='grc' dir='ltr'><em>ἀργύριον</em></span> <span class='ocrx_word' id='word_1_71' title='bbox 733 1539 768 1605; x_wconf 80' lang='grc' dir='ltr'>δὲ</span> <span class='ocrx_word' id='word_1_72' title='bbox 794 1532 881 1627; x_wconf 86' lang='grc' dir='ltr'><em>ιιρδς</em></span> <span class='ocrx_word' id='word_1_73' title='bbox 907 1533 1012 1623; x_wconf 78' lang='grc' dir='ltr'><em>ταύτῃ</em></span> <span class='ocrx_word' id='word_1_74' title='bbox 1041 1539 1292 1623; x_wconf 79' lang='grc' dir='ltr'><em>δεδανεισμένον</em></span> 
     </span>
     <span class='ocr_line' id='line_1_10' title="bbox 200 1661 1290 1758; baseline 0 -20"><span class='ocrx_word' id='word_1_75' title='bbox 200 1672 286 1739; x_wconf 88' lang='grc' dir='ltr'><em>ίδιον</em></span> <span class='ocrx_word' id='word_1_76' title='bbox 305 1673 412 1739; x_wconf 81' lang='grc' dir='ltr'><em>πλέον</em></span> <span class='ocrx_word' id='word_1_77' title='bbox 425 1664 445 1758; x_wconf 78' lang='grc' dir='ltr'>ἢ</span> <span class='ocrx_word' id='word_1_78' title='bbox 459 1666 670 1758; x_wconf 81' lang='grc' dir='ltr'><em>πεντήκοντα</em></span> <span class='ocrx_word' id='word_1_79' title='bbox 691 1665 853 1755; x_wconf 78' lang='grc' dir='ltr'><em>τάλαντα)</em></span> <span class='ocrx_word' id='word_1_80' title='bbox 876 1671 968 1736; x_wconf 86' lang='lat' dir='ltr'>fundi</span> <span class='ocrx_word' id='word_1_81' title='bbox 989 1661 1024 1756; x_wconf 75' lang='grc' dir='ltr'>(ἦ</span> <span class='ocrx_word' id='word_1_82' title='bbox 1041 1669 1165 1756; x_wconf 76' lang='grc' dir='ltr'><em>ἔγγειος</em></span> <span class='ocrx_word' id='word_1_83' title='bbox 1180 1661 1290 1755; x_wconf 78' lang='grc' dir='ltr'><em>οὐσία)</em></span> 
     </span>
     <span class='ocr_line' id='line_1_11' title="bbox 200 1804 1291 1890; baseline 0 -20"><span class='ocrx_word' id='word_1_84' title='bbox 200 1805 438 1890; x_wconf 84' lang='lat' dir='ltr'>distinguuntur</span> <span class='ocrx_word' id='word_1_85' title='bbox 459 1828 479 1869; x_wconf 89' lang='lat' dir='ltr'>a</span> <span class='ocrx_word' id='word_1_86' title='bbox 499 1806 647 1888; x_wconf 89' lang='lat' dir='ltr'>nummis,</span> <span class='ocrx_word' id='word_1_87' title='bbox 679 1826 759 1890; x_wconf 88' lang='lat' dir='ltr'>quos</span> <span class='ocrx_word' id='word_1_88' title='bbox 781 1814 890 1869; x_wconf 87' lang='lat' dir='ltr'>tamen</span> <span class='ocrx_word' id='word_1_89' title='bbox 911 1805 1006 1868; x_wconf 88' lang='lat' dir='ltr'>Pasio</span> <span class='ocrx_word' id='word_1_90' title='bbox 1028 1804 1190 1870; x_wconf 79' lang='lat' dir='ltr'>feneratus</span> <span class='ocrx_word' id='word_1_91' title='bbox 1213 1815 1291 1871; x_wconf 84' lang='lat' dir='ltr'>erat.</span> 
     </span>
     <span class='ocr_line' id='line_1_12' title="bbox 199 1937 1292 2024; baseline -0.001 -21"><span class='ocrx_word' id='word_1_92' title='bbox 199 1937 323 2017; x_wconf 77' lang='lat' dir='ltr'>Quodsi</span> <span class='ocrx_word' id='word_1_93' title='bbox 345 1939 534 2024; x_wconf 76' lang='lat' dir='ltr'>quaerimus,</span> <span class='ocrx_word' id='word_1_94' title='bbox 559 1939 614 2024; x_wconf 93' lang='lat' dir='ltr'>qui</span> <span class='ocrx_word' id='word_1_95' title='bbox 635 1937 705 2002; x_wconf 90' lang='lat' dir='ltr'>fieri</span> <span class='ocrx_word' id='word_1_96' title='bbox 727 1939 877 2023; x_wconf 83' lang='lat' dir='ltr'>potuerit,</span> <span class='ocrx_word' id='word_1_97' title='bbox 906 1948 943 2002; x_wconf 94' lang='lat' dir='ltr'>ut</span> <span class='ocrx_word' id='word_1_98' title='bbox 963 1938 1099 2022; x_wconf 87' lang='lat' dir='ltr'>pristina</span> <span class='ocrx_word' id='word_1_99' title='bbox 1119 1937 1174 2002; x_wconf 90' lang='lat' dir='ltr'>illa</span> <span class='ocrx_word' id='word_1_100' title='bbox 1193 1937 1292 2002; x_wconf 92' lang='lat' dir='ltr'>bono-</span> 
     </span>
     <span class='ocr_line' id='line_1_13' title="bbox 196 2069 1291 2155; baseline -0.002 -19"><span class='ocrx_word' id='word_1_101' title='bbox 196 2093 269 2136; x_wconf 90' lang='lat' dir='ltr'>rum</span> <span class='ocrx_word' id='word_1_102' title='bbox 289 2070 405 2136; x_wconf 88' lang='lat' dir='ltr'>divisio</span> <span class='ocrx_word' id='word_1_103' title='bbox 427 2071 479 2136; x_wconf 84' lang='lat' dir='ltr'>vel</span> <span class='ocrx_word' id='word_1_104' title='bbox 501 2079 663 2135; x_wconf 89' lang='lat' dir='ltr'>oratorum</span> <span class='ocrx_word' id='word_1_105' title='bbox 690 2079 797 2135; x_wconf 87' lang='lat' dir='ltr'>aetate</span> <span class='ocrx_word' id='word_1_106' title='bbox 818 2070 947 2153; x_wconf 89' lang='lat' dir='ltr'>valeret,</span> <span class='ocrx_word' id='word_1_107' title='bbox 977 2069 1151 2135; x_wconf 90' lang='lat' dir='ltr'>tenendum</span> <span class='ocrx_word' id='word_1_108' title='bbox 1173 2080 1231 2155; x_wconf 87' lang='lat' dir='ltr'>est,</span> <span class='ocrx_word' id='word_1_109' title='bbox 1258 2069 1291 2134; x_wconf 92' lang='lat' dir='ltr'>id</span> 
     </span>
     <span class='ocr_line' id='line_1_14' title="bbox 199 2203 1293 2292; baseline -0.003 -21"><span class='ocrx_word' id='word_1_110' title='bbox 199 2205 284 2292; x_wconf 92' lang='lat' dir='ltr'>quod</span> <span class='ocrx_word' id='word_1_111' title='bbox 306 2205 500 2292; x_wconf 84' lang='lat' dir='ltr'>supradixi,</span> <span class='ocrx_word' id='word_1_112' title='bbox 532 2206 621 2269; x_wconf 88' lang='lat' dir='ltr'>euius</span> <span class='ocrx_word' id='word_1_113' title='bbox 642 2227 694 2269; x_wconf 91' lang='lat' dir='ltr'>res</span> <span class='ocrx_word' id='word_1_114' title='bbox 715 2204 881 2268; x_wconf 88' lang='lat' dir='ltr'>familiaris</span> <span class='ocrx_word' id='word_1_115' title='bbox 903 2226 943 2268; x_wconf 90' lang='lat' dir='ltr'>ex</span> <span class='ocrx_word' id='word_1_116' title='bbox 964 2204 1101 2267; x_wconf 89' lang='lat' dir='ltr'>nummis</span> <span class='ocrx_word' id='word_1_117' title='bbox 1124 2203 1293 2270; x_wconf 80' lang='lat' dir='ltr'>constabat</span> 
     </span>
     <span class='ocr_line' id='line_1_15' title="bbox 204 2335 1295 2424; baseline -0.003 -19"><span class='ocrx_word' id='word_1_118' title='bbox 204 2360 278 2405; x_wconf 93' lang='lat' dir='ltr'>eum</span> <span class='ocrx_word' id='word_1_119' title='bbox 304 2340 405 2406; x_wconf 88' lang='lat' dir='ltr'>multo</span> <span class='ocrx_word' id='word_1_120' title='bbox 426 2338 551 2405; x_wconf 82' lang='lat' dir='ltr'>facilius</span> <span class='ocrx_word' id='word_1_121' title='bbox 571 2359 705 2404; x_wconf 86' lang='lat' dir='ltr'>munera</span> <span class='ocrx_word' id='word_1_122' title='bbox 724 2336 852 2424; x_wconf 84' lang='lat' dir='ltr'>publiea</span> <span class='ocrx_word' id='word_1_123' title='bbox 872 2337 992 2403; x_wconf 83' lang='lat' dir='ltr'>evitare</span> <span class='ocrx_word' id='word_1_124' title='bbox 1012 2335 1171 2423; x_wconf 88' lang='lat' dir='ltr'>potuisse,</span> <span class='ocrx_word' id='word_1_125' title='bbox 1199 2358 1295 2423; x_wconf 87' lang='lat' dir='ltr'>quam</span> 
     </span>
     <span class='ocr_line' id='line_1_16' title="bbox 200 2469 1291 2563; baseline -0.001 -28"><span class='ocrx_word' id='word_1_126' title='bbox 200 2473 254 2557; x_wconf 91' lang='lat' dir='ltr'>qni</span> <span class='ocrx_word' id='word_1_127' title='bbox 282 2472 413 2557; x_wconf 87' lang='lat' dir='ltr'>praedia</span> <span class='ocrx_word' id='word_1_128' title='bbox 440 2482 566 2537; x_wconf 88' lang='lat' dir='ltr'>tantum</span> <span class='ocrx_word' id='word_1_129' title='bbox 597 2473 665 2536; x_wconf 89' lang='lat' dir='ltr'>sive</span> <span class='ocrx_word' id='word_1_130' title='bbox 694 2470 818 2536; x_wconf 85' lang='lat' dir='ltr'>urbana</span> <span class='ocrx_word' id='word_1_131' title='bbox 850 2472 918 2535; x_wconf 90' lang='lat' dir='ltr'>sive</span> <span class='ocrx_word' id='word_1_132' title='bbox 949 2471 1069 2563; x_wconf 85' lang='lat' dir='ltr'>rustica</span> <span class='ocrx_word' id='word_1_133' title='bbox 1097 2469 1291 2556; x_wconf 85' lang='lat' dir='ltr'>possidebat.</span> 
     </span>
     <span class='ocr_line' id='line_1_17' title="bbox 200 2592 1292 2690; baseline -0.001 -22"><span class='ocrx_word' id='word_1_134' title='bbox 200 2604 240 2668; x_wconf 86' lang='lat' dir='ltr'>of.</span> <span class='ocrx_word' id='word_1_135' title='bbox 262 2602 379 2669; x_wconf 86' lang='lat' dir='ltr'>Aesoh.</span> <span class='ocrx_word' id='word_1_136' title='bbox 401 2604 419 2668; x_wconf 95' lang='lat' dir='ltr'>I</span> <span class='ocrx_word' id='word_1_137' title='bbox 440 2607 460 2685; x_wconf 60' lang='grc' dir='ltr'>ὅ</span> <span class='ocrx_word' id='word_1_138' title='bbox 484 2605 540 2669; x_wconf 83' lang='grc'>101</span> <span class='ocrx_word' id='word_1_139' title='bbox 570 2605 733 2689; x_wconf 75' lang='grc' dir='ltr'><em>φοβηθεὶς</em></span> <span class='ocrx_word' id='word_1_140' title='bbox 763 2596 826 2690; x_wconf 76' lang='grc' dir='ltr'>γὰρ</span> <span class='ocrx_word' id='word_1_141' title='bbox 847 2596 907 2680; x_wconf 84' lang='grc' dir='ltr'>τὰς</span> <span class='ocrx_word' id='word_1_142' title='bbox 928 2604 1124 2688; x_wconf 76' lang='grc' dir='ltr'><em>λῃτουργίας</em></span> <span class='ocrx_word' id='word_1_143' title='bbox 1145 2592 1292 2669; x_wconf 79' lang='grc' dir='ltr'><em>ἀπέδοτο</em></span> 
     </span>
     <span class='ocr_line' id='line_1_18' title="bbox 198 2722 1291 2822; baseline -0.001 -21"><span class='ocrx_word' id='word_1_144' title='bbox 198 2722 281 2822; x_wconf 57' lang='lat' dir='ltr'>dlv</span> <span class='ocrx_word' id='word_1_145' title='bbox 313 2725 406 2822; x_wconf 73' lang='grc' dir='ltr'><em>αὐτῷ</em></span> <span class='ocrx_word' id='word_1_146' title='bbox 426 2730 586 2821; x_wconf 82' lang='grc' dir='ltr'><em>κτήματα.</em></span> <span class='ocrx_word' id='word_1_147' title='bbox 630 2735 694 2806; x_wconf 82' lang='lat' dir='ltr'>Sed</span> <span class='ocrx_word' id='word_1_148' title='bbox 718 2737 804 2822; x_wconf 91' lang='lat' dir='ltr'>apud</span> <span class='ocrx_word' id='word_1_149' title='bbox 829 2736 958 2801; x_wconf 89' lang='lat' dir='ltr'>eosdem</span> <span class='ocrx_word' id='word_1_150' title='bbox 989 2746 1131 2801; x_wconf 86' lang='lat' dir='ltr'>oratores</span> <span class='ocrx_word' id='word_1_151' title='bbox 1153 2758 1218 2800; x_wconf 92' lang='lat' dir='ltr'>non</span> <span class='ocrx_word' id='word_1_152' title='bbox 1239 2735 1291 2800; x_wconf 89' lang='lat' dir='ltr'>de·</span> 
     </span>
     <span class='ocr_line' id='line_1_19' title="bbox 199 2869 1291 2956; baseline 0.001 -23"><span class='ocrx_word' id='word_1_153' title='bbox 199 2878 274 2934; x_wconf 90' lang='lat' dir='ltr'>sunt</span> <span class='ocrx_word' id='word_1_154' title='bbox 288 2870 442 2955; x_wconf 89' lang='lat' dir='ltr'>exempla,</span> <span class='ocrx_word' id='word_1_155' title='bbox 467 2892 507 2935; x_wconf 87' lang='lat' dir='ltr'>ex</span> <span class='ocrx_word' id='word_1_156' title='bbox 521 2869 636 2955; x_wconf 93' lang='lat' dir='ltr'>quibus</span> <span class='ocrx_word' id='word_1_157' title='bbox 652 2871 749 2934; x_wconf 88' lang='lat' dir='ltr'>etiam</span> <span class='ocrx_word' id='word_1_158' title='bbox 769 2871 921 2956; x_wconf 83' lang='lat' dir='ltr'>pecunias</span> <span class='ocrx_word' id='word_1_159' title='bbox 944 2871 1066 2935; x_wconf 88' lang='lat' dir='ltr'>oenseri</span> <span class='ocrx_word' id='word_1_160' title='bbox 1088 2869 1198 2934; x_wconf 86' lang='lat' dir='ltr'>solitas</span> <span class='ocrx_word' id='word_1_161' title='bbox 1220 2892 1291 2934; x_wconf 91' lang='lat' dir='ltr'>esse</span> 
     </span>
     <span class='ocr_line' id='line_1_20' title="bbox 200 3001 1292 3088; baseline 0.002 -23"><span class='ocrx_word' id='word_1_162' title='bbox 200 3001 241 3065; x_wconf 88' lang='lat' dir='ltr'>ab</span> <span class='ocrx_word' id='word_1_163' title='bbox 256 3001 506 3067; x_wconf 81' lang='lat' dir='ltr'>Atheniensibus</span> <span class='ocrx_word' id='word_1_164' title='bbox 521 3013 664 3088; x_wconf 87' lang='lat' dir='ltr'>apparot.</span> <span class='ocrx_word' id='word_1_165' title='bbox 678 3002 730 3066; x_wconf 92' lang='lat' dir='ltr'>Ab</span> <span class='ocrx_word' id='word_1_166' title='bbox 745 3002 839 3067; x_wconf 83' lang='lat' dir='ltr'>Isaeo</span> <span class='ocrx_word' id='word_1_167' title='bbox 854 3002 894 3068; x_wconf 90' lang='lat' dir='ltr'>de</span> <span class='ocrx_word' id='word_1_168' title='bbox 909 3003 1064 3087; x_wconf 82' lang='lat' dir='ltr'>Dicaeog.</span> <span class='ocrx_word' id='word_1_169' title='bbox 1080 3002 1187 3067; x_wconf 89' lang='lat' dir='ltr'>hered.</span> <span class='ocrx_word' id='word_1_170' title='bbox 1210 3006 1230 3084; x_wconf 67' lang='grc' dir='ltr'>ἓ</span> <span class='ocrx_word' id='word_1_171' title='bbox 1251 3003 1292 3067; x_wconf 88' lang='grc'>36</span> 
     </span>
    </p>
   </div>
   <div class='ocr_carea' id='block_1_6' title="bbox 201 3123 1292 3220">
    <p class='ocr_par' dir='ltr' id='par_1_6' title="bbox 201 3123 1292 3220">
     <span class='ocr_line' id='line_1_21' title="bbox 201 3123 1292 3220; baseline 0.003 -24"><span class='ocrx_word' id='word_1_172' title='bbox 201 3132 423 3218; x_wconf 85' lang='lat' dir='ltr'>Dicaeogenes</span> <span class='ocrx_word' id='word_1_173' title='bbox 454 3135 669 3220; x_wconf 87' lang='lat' dir='ltr'>vituperatur,</span> <span class='ocrx_word' id='word_1_174' title='bbox 702 3133 789 3220; x_wconf 90' lang='lat' dir='ltr'>quod</span> <span class='ocrx_word' id='word_1_175' title='bbox 821 3123 888 3200; x_wconf 82' lang='grc' dir='ltr'>ἀπὸ</span> <span class='ocrx_word' id='word_1_176' title='bbox 920 3128 1084 3220; x_wconf 83' lang='grc' dir='ltr'><em>τοσαύτης</em></span> <span class='ocrx_word' id='word_1_177' title='bbox 1114 3127 1292 3220; x_wconf 84' lang='grc' dir='ltr'><em>προςόδου,</em></span> 
     </span>
    </p>
   </div>
   <div class='ocr_carea' id='block_1_7' title="bbox 142 3267 1294 4017">
    <p class='ocr_par' dir='ltr' id='par_1_7' title="bbox 142 3267 1294 4017">
     <span class='ocr_line' id='line_1_22' title="bbox 200 3267 1294 3353; baseline 0.002 -25"><span class='ocrx_word' id='word_1_178' title='bbox 200 3286 394 3351; x_wconf 89' lang='lat' dir='ltr'>quamquam</span> <span class='ocrx_word' id='word_1_179' title='bbox 423 3279 476 3330; x_wconf 70' lang='lat' dir='ltr'>ex&#39;</span> <span class='ocrx_word' id='word_1_180' title='bbox 491 3268 674 3353; x_wconf 88' lang='lat' dir='ltr'>patrimonii</span> <span class='ocrx_word' id='word_1_181' title='bbox 705 3267 865 3343; x_wconf 78' lang='lat' dir='ltr'>locatione</span> <span class='ocrx_word' id='word_1_182' title='bbox 898 3267 1063 3352; x_wconf 87' lang='lat' dir='ltr'>octoginta</span> <span class='ocrx_word' id='word_1_183' title='bbox 1089 3289 1147 3352; x_wconf 89' lang='lat' dir='ltr'>per</span> <span class='ocrx_word' id='word_1_184' title='bbox 1174 3288 1294 3331; x_wconf 88' lang='lat' dir='ltr'>annum</span> 
     </span>
     <span class='ocr_line' id='line_1_23' title="bbox 202 3398 1290 3484; baseline 0 -22"><span class='ocrx_word' id='word_1_185' title='bbox 202 3398 301 3463; x_wconf 85' lang='lat' dir='ltr'>minas</span> <span class='ocrx_word' id='word_1_186' title='bbox 322 3399 488 3484; x_wconf 88' lang='lat' dir='ltr'>reciperet,</span> <span class='ocrx_word' id='word_1_187' title='bbox 509 3401 633 3464; x_wconf 87' lang='lat' dir='ltr'>minora</span> <span class='ocrx_word' id='word_1_188' title='bbox 654 3421 787 3465; x_wconf 87' lang='lat' dir='ltr'>munera</span> <span class='ocrx_word' id='word_1_189' title='bbox 808 3400 941 3465; x_wconf 89' lang='lat' dir='ltr'>subierit</span> <span class='ocrx_word' id='word_1_190' title='bbox 963 3409 995 3465; x_wconf 89' lang='lat' dir='ltr'>et</span> <span class='ocrx_word' id='word_1_191' title='bbox 1011 3401 1044 3464; x_wconf 93' lang='lat' dir='ltr'>in</span> <span class='ocrx_word' id='word_1_192' title='bbox 1059 3410 1138 3465; x_wconf 85' lang='lat' dir='ltr'>orat.</span> <span class='ocrx_word' id='word_1_193' title='bbox 1154 3399 1194 3465; x_wconf 91' lang='lat' dir='ltr'>de</span> <span class='ocrx_word' id='word_1_194' title='bbox 1209 3400 1290 3464; x_wconf 89' lang='lat' dir='ltr'>Phil.</span> 
     </span>
     <span class='ocr_line' id='line_1_24' title="bbox 199 3528 1292 3619; baseline 0.003 -25"><span class='ocrx_word' id='word_1_195' title='bbox 199 3528 306 3596; x_wconf 89' lang='lat' dir='ltr'>hered.</span> <span class='ocrx_word' id='word_1_196' title='bbox 328 3532 348 3612; x_wconf 63' lang='grc' dir='ltr'>ξ</span> <span class='ocrx_word' id='word_1_197' title='bbox 369 3531 410 3596; x_wconf 88' lang='grc'>38</span> <span class='ocrx_word' id='word_1_198' title='bbox 431 3531 662 3598; x_wconf 81' lang='lat' dir='ltr'>Euctemonem</span> <span class='ocrx_word' id='word_1_199' title='bbox 683 3543 715 3598; x_wconf 90' lang='lat' dir='ltr'>et</span> <span class='ocrx_word' id='word_1_200' title='bbox 737 3533 1010 3600; x_wconf 83' lang='lat' dir='ltr'>Philoctemonem</span> <span class='ocrx_word' id='word_1_201' title='bbox 1038 3544 1163 3598; x_wconf 85' lang='lat' dir='ltr'>tantum</span> <span class='ocrx_word' id='word_1_202' title='bbox 1184 3555 1292 3619; x_wconf 91' lang='lat' dir='ltr'>posse-</span> 
     </span>
     <span class='ocr_line' id='line_1_25' title="bbox 201 3634 1294 3753; baseline 0.002 -27"><span class='ocrx_word' id='word_1_203' title='bbox 201 3661 286 3727; x_wconf 85' lang='lat' dir='ltr'>disse</span> <span class='ocrx_word' id='word_1_204' title='bbox 315 3664 451 3748; x_wconf 86' lang='lat' dir='ltr'>legimus</span> <span class='ocrx_word' id='word_1_205' title='bbox 481 3655 567 3731; x_wconf 78' lang='grc' dir='ltr'><em>δίστε</em></span> <span class='ocrx_word' id='word_1_206' title='bbox 598 3658 639 3731; x_wconf 83' lang='grc' dir='ltr'>τὰ</span> <span class='ocrx_word' id='word_1_207' title='bbox 668 3666 804 3751; x_wconf 85' lang='grc' dir='ltr'><em>μέγιστα</em></span> <span class='ocrx_word' id='word_1_208' title='bbox 834 3672 1047 3753; x_wconf 83' lang='grc' dir='ltr'><em>λγτουργείν,</em></span> <span class='ocrx_word' id='word_1_209' title='bbox 1075 3665 1131 3730; x_wconf 92' lang='lat' dir='ltr'>ubi</span> <span class='ocrx_word' id='word_1_210' title='bbox 1160 3687 1225 3729; x_wconf 93' lang='lat' dir='ltr'>non</span> <span class='ocrx_word' id='word_1_211' title='bbox 1253 3634 1294 3729; x_wconf 87' lang='lat' dir='ltr'>de</span> 
     </span>
     <span class='ocr_line' id='line_1_26' title="bbox 142 3793 1291 3884; baseline 0.003 -26"><span class='ocrx_word' id='word_1_212' title='bbox 142 3803 145 3809; x_wconf 85' lang='grc'><em>“</em></span> <span class='ocrx_word' id='word_1_213' title='bbox 202 3793 294 3860; x_wconf 90' lang='lat' dir='ltr'>honis</span> <span class='ocrx_word' id='word_1_214' title='bbox 315 3806 441 3861; x_wconf 84' lang='lat' dir='ltr'>tontum</span> <span class='ocrx_word' id='word_1_215' title='bbox 461 3797 676 3863; x_wconf 89' lang='lat' dir='ltr'>immobilibus</span> <span class='ocrx_word' id='word_1_216' title='bbox 699 3800 842 3884; x_wconf 87' lang='lat' dir='ltr'>cogitare</span> <span class='ocrx_word' id='word_1_217' title='bbox 864 3800 948 3864; x_wconf 84' lang='lat' dir='ltr'>lieet.</span> <span class='ocrx_word' id='word_1_218' title='bbox 964 3798 1201 3865; x_wconf 83' lang='lat' dir='ltr'>Demosthenes</span> <span class='ocrx_word' id='word_1_219' title='bbox 1215 3819 1291 3862; x_wconf 92' lang='lat' dir='ltr'>vero</span> 
     </span>
     <span class='ocr_line' id='line_1_27' title="bbox 202 3927 1292 4017; baseline 0.005 -27"><span class='ocrx_word' id='word_1_220' title='bbox 202 3949 229 3991; x_wconf 90' lang='lat' dir='ltr'>o.</span> <span class='ocrx_word' id='word_1_221' title='bbox 249 3927 377 4014; x_wconf 90' lang='lat' dir='ltr'>Aphoh.</span> <span class='ocrx_word' id='word_1_222' title='bbox 399 3929 434 3995; x_wconf 93' lang='grc' dir='ltr'>Π</span> <span class='ocrx_word' id='word_1_223' title='bbox 454 3953 486 4016; x_wconf 89' lang='lat' dir='ltr'>p.</span> <span class='ocrx_word' id='word_1_224' title='bbox 505 3930 566 3996; x_wconf 89' lang='grc'>836</span> <span class='ocrx_word' id='word_1_225' title='bbox 587 3942 620 3996; x_wconf 91' lang='lat' dir='ltr'>et</span> <span class='ocrx_word' id='word_1_226' title='bbox 640 3931 700 3996; x_wconf 78' lang='lat'>837</span> <span class='ocrx_word' id='word_1_227' title='bbox 724 3935 743 4013; x_wconf 66' lang='grc' dir='ltr'>ξ</span> <span class='ocrx_word' id='word_1_228' title='bbox 765 3931 846 3995; x_wconf 80' lang='grc'>2-7</span> <span class='ocrx_word' id='word_1_229' title='bbox 868 3941 996 4017; x_wconf 89' lang='lat' dir='ltr'>praeter</span> <span class='ocrx_word' id='word_1_230' title='bbox 1017 3931 1095 3996; x_wconf 86' lang='lat' dir='ltr'>alias</span> <span class='ocrx_word' id='word_1_231' title='bbox 1116 3932 1292 3996; x_wconf 85' lang='lat' dir='ltr'>sententias</span> 
     </span>
    </p>
   </div>
   <div class='ocr_carea' id='block_1_8' title="bbox 203 4051 1508 4149">
    <p class='ocr_par' dir='ltr' id='par_1_8' title="bbox 203 4051 1508 4149">
     <span class='ocr_line' id='line_1_28' title="bbox 203 4051 1508 4149; baseline -0.002 -25"><span class='ocrx_word' id='word_1_232' title='bbox 203 4080 285 4144; x_wconf 87' lang='lat' dir='ltr'>quae</span> <span class='ocrx_word' id='word_1_233' title='bbox 305 4060 367 4125; x_wconf 88' lang='lat' dir='ltr'>huo</span> <span class='ocrx_word' id='word_1_234' title='bbox 386 4063 548 4147; x_wconf 88' lang='lat' dir='ltr'>portinent</span> <span class='ocrx_word' id='word_1_235' title='bbox 568 4064 707 4127; x_wconf 86' lang='lat' dir='ltr'>maxime</span> <span class='ocrx_word' id='word_1_236' title='bbox 728 4062 778 4127; x_wconf 90' lang='lat' dir='ltr'>his</span> <span class='ocrx_word' id='word_1_237' title='bbox 802 4061 896 4127; x_wconf 91' lang='lat' dir='ltr'>nobis</span> <span class='ocrx_word' id='word_1_238' title='bbox 923 4063 1061 4128; x_wconf 91' lang='lat' dir='ltr'>ostendit</span> <span class='ocrx_word' id='word_1_239' title='bbox 1083 4064 1178 4127; x_wconf 88' lang='lat' dir='ltr'>etiam</span> <span class='ocrx_word' id='word_1_240' title='bbox 1199 4086 1292 4149; x_wconf 84' lang='lat' dir='ltr'>pecu·</span> <span class='ocrx_word' id='word_1_241' title='bbox 1412 4107 1414 4110; x_wconf 78' lang='lat'>.</span> <span class='ocrx_word' id='word_1_242' title='bbox 1505 4051 1508 4056; x_wconf 62' lang='grc'><strong><em>’</em></strong></span> 
     </span>
    </p>
   </div>
   <div class='ocr_carea' id='block_1_9' title="bbox 202 4183 1294 4284">
    <p class='ocr_par' dir='ltr' id='par_1_9' title="bbox 202 4183 1294 4284">
     <span class='ocr_line' id='line_1_29' title="bbox 202 4183 1294 4284; baseline -0.003 -22"><span class='ocrx_word' id='word_1_243' title='bbox 202 4192 289 4262; x_wconf 84' lang='lat' dir='ltr'>niam</span> <span class='ocrx_word' id='word_1_244' title='bbox 310 4215 380 4258; x_wconf 90' lang='lat' dir='ltr'>esse</span> <span class='ocrx_word' id='word_1_245' title='bbox 401 4198 528 4284; x_wconf 79' lang='grc' dir='ltr'><em>φανερᾷ</em></span> <span class='ocrx_word' id='word_1_246' title='bbox 550 4183 646 4284; x_wconf 75' lang='grc' dir='ltr'><em>οὐσίᾳ</em></span> <span class='ocrx_word' id='word_1_247' title='bbox 666 4194 942 4259; x_wconf 89' lang='lat' dir='ltr'>adnumerandum</span> <span class='ocrx_word' id='word_1_248' title='bbox 963 4195 1015 4260; x_wconf 89' lang='lat' dir='ltr'>vel</span> <span class='ocrx_word' id='word_1_249' title='bbox 1036 4195 1121 4280; x_wconf 89' lang='lat' dir='ltr'>quod</span> <span class='ocrx_word' id='word_1_250' title='bbox 1142 4195 1227 4260; x_wconf 91' lang='lat' dir='ltr'>idem</span> <span class='ocrx_word' id='word_1_251' title='bbox 1244 4206 1294 4275; x_wconf 85' lang='lat' dir='ltr'>est</span> 
     </span>
    </p>
   </div>
   <div class='ocr_carea' id='block_1_10' title="bbox 0 0 1552 4800">
    <p class='ocr_par' dir='ltr' id='par_1_10' title="bbox 0 0 1552 4800">
     <span class='ocr_line' id='line_1_30' title="bbox 0 0 1552 4800; baseline 0 0"><span class='ocrx_word' id='word_1_252' title='bbox 0 0 1552 4800; x_wconf 95' lang='lat' dir='ltr'> </span> 
     </span>
    </p>
   </div>
  </div>
 </body>
</html>
