3084 4800
795 473 818 538 4
856 511 900 522 -

228 634 232 642 ’
259 655 358 740 igitur
379 678 474 743 quam
504 656 649 742 plurimis
670 657 824 742 exemplis
846 679 918 722 cum
940 656 1139 723 confidebam
1163 657 1353 741 scriptorum

261 808 358 874 opera
384 790 418 853 in
446 811 528 876 qnae
557 790 774 855 incumberem
801 791 914 857 melius
943 812 995 856 me
1025 791 1129 877 ipsum
1151 791 1353 874 cogniturum

260 943 332 986 esse
360 930 392 987 et
418 922 672 1007 intellecturum,
701 933 770 988 tum
791 924 861 989 fore
882 922 1051 1009 sperabam
1071 932 1108 987 ut
1129 921 1169 988 de
1189 922 1352 987 vocabulis

259 1052 321 1117 illis
350 1054 384 1117 in
418 1052 687 1144 disceptationem
726 1054 880 1120 vocandis
909 1053 995 1142 quod
1026 1055 1208 1141 prolaturus
1240 1074 1352 1132 essem,

261 1186 448 1271 quantulum
476 1185 508 1251 id
530 1208 655 1273 cunque
676 1196 778 1272 esset,
807 1189 903 1252 etiam
923 1188 994 1252 aliis
1015 1186 1193 1273 probarem.
1235 1185 1305 1251 Iam
1326 1187 1353 1250 si

260 1316 343 1381 hanc
371 1339 423 1382 me
450 1339 539 1404 spem
561 1319 712 1384 fefellisse
733 1318 870 1404 dixeris,
900 1320 953 1385 illo
974 1340 1070 1406 quem
1091 1341 1131 1383 ex
1152 1318 1262 1384 labore
1281 1339 1352 1382 meo

260 1449 388 1535 percepi
409 1449 515 1514 fructu
535 1471 587 1515 me
609 1460 795 1517 contentum
816 1474 886 1517 esse
906 1451 1090 1536 profitebor.

342 1583 393 1647 Ac
406 1584 543 1669 primum
567 1583 696 1670 quidem
712 1585 774 1648 viri
796 1584 881 1650 docti
903 1574 999 1650 adela
1021 1577 1149 1670 φανερὰ
1172 1594 1204 1648 et
1225 1573 1353 1670 ἀφανὴς

260 1714 393 1780 vocibus
414 1715 512 1782 falsas
534 1715 749 1783 attribuerunt
770 1716 1038 1802 significationes,
1066 1739 1138 1782 cum
1159 1718 1193 1781 in
1214 1738 1353 1782 errorem
1436 1740 1439 1746 ·

248 1846 486 1913 inducerentur
504 1848 806 1934 lexicographorum
821 1849 1018 1916 Graecorum
1038 1850 1155 1934 verbis,
1177 1872 1218 1914 ex
1239 1847 1353 1936 quibus

260 1981 362 2045 instar
384 1982 524 2046 omnium
541 2003 628 2047 nunc
649 1984 727 2047 satis
748 1993 798 2049 est
818 1982 966 2048 laudasse
979 1982 1277 2070 Harpocrationem,
1299 1982 1354 2068 qui

261 2112 320 2181 sub
349 2126 428 2178 voce
455 2103 585 2199 ἀφανὴς
606 2104 703 2180 οὐσία
723 2117 781 2181 καὶ
801 2108 929 2202 φανερὰ
950 2116 1074 2202 profert
1094 2115 1174 2181 haec
1195 2139 1203 2181 ε
1225 2106 1354 2201 ἀφανὴς

260 2245 322 2331 μὲν
348 2237 370 2333 ἡ
396 2246 434 2314 ἐν
458 2240 600 2334 χρήμασι
626 2250 683 2315 καὶ
711 2242 838 2334 σώμασι
866 2252 923 2317 καὶ
951 2243 1096 2331 σκεύεσι,
1127 2242 1255 2336 φανερὰ
1277 2249 1313 2315 δὲ
1334 2239 1355 2334 ἦ

262 2375 402 2465 >ἔγγειος·
430 2382 554 2460 Λυσίας
582 2380 620 2449 ἐν
649 2387 701 2469 τῷ
719 2375 806 2470 πρὸς
828 2372 1058 2470 Ἱπποθέρσην.
1102 2382 1226 2463 Quibus
1247 2381 1354 2448 verbis

260 2510 435 2579 Salmasius
452 2536 524 2584 cum
540 2514 636 2582 fidem
657 2515 790 2581 haberet
812 2516 858 2601 (d.
878 2539 921 2582 m.
942 2539 973 2581 u.
995 2538 1070 2603 pag.
1092 2515 1147 2601 85)
1168 2515 1355 2581 distinxisse

262 2644 388 2711 dicebat
404 2645 548 2713 Graecos
569 2649 616 2713 ita
635 2638 852 2735 interciperet}
873 2639 990 2717 οὐσίαν
1011 2659 1044 2715 et
1064 2642 1223 2736 φανερὰν,
1244 2659 1280 2714 ut
1297 2671 1353 2714 nc

260 2778 346 2843 mine
367 2768 517 2863 ἀφανοῦς
539 2779 845 2867 comprehenderent
866 2784 1049 2869 pecuniam,
1078 2783 1246 2869 mancipia,
1266 2804 1354 2867 vasa,

261 2920 401 2977 ceteram
415 2913 652 2998 supellectilem,
668 2917 776 2980 omnia
791 2915 928 3003 denique
941 2916 1027 2980 bona
1040 2915 1179 3001 mobilia,
1201 2916 1260 2980 sub
1275 2938 1355 2980 voce

260 3037 410 3130 φανερὰν
436 3045 660 3130 intellegerent
688 3046 821 3133 praedia
848 3047 972 3113 urbana
1001 3057 1033 3113 et
1059 3049 1188 3114 mistica.
1231 3046 1355 3114 Similia

259 3175 345 3262 apud
355 3175 554 3242 Bceckhium
567 3179 747 3244 invenimus
759 3178 838 3247 Oec.
849 3179 957 3245 Ath.'I
967 3202 1042 3267 pag.
1057 3182 1119 3247 638
1133 3182 1276 3266 aliosque
1300 3181 1354 3267 qui

260 3329 333 3372 eum
346 3309 446 3375 secuti
460 3319 535 3375 sunt
548 3312 649 3377 veluti
659 3311 817 3378 Meierum
830 3311 871 3378 de
884 3314 930 3378 lit.
943 3313 1013 3379 Att.
1027 3336 1102 3400 pag.
1123 3313 1195 3398 490,
1218 3312 1354 3379 Wachs·

259 3439 417 3507 muthium
436 3442 514 3508 Ant.
536 3442 621 3509 Hell.
642 3443 678 3510 Π
698 3465 772 3530 pag.
795 3445 855 3529 93,
876 3445 1224 3513 Bnehsenschuetcium
1244 3447 1354 3514 Besitz

259 3573 325 3642 und
338 3575 472 3641 Erwerb
485 3597 560 3662 pag.
581 3578 632 3644 38.
676 3578 880 3646 contradixit
894 3583 1016 3667 primus
1027 3581 1198 3668 Koutorga
1218 3583 1253 3648 in
1273 3583 1354 3647 actis

258 3706 360 3772 Acad.
382 3706 512 3794 Petrop.
533 3712 610 3775 anni
633 3710 729 3796 1859,
760 3715 815 3799 qui
839 3714 948 3780 multis
970 3715 1161 3801 scriptorum
1181 3716 1259 3781 loeis
1279 3735 1353 3779 con·

259 3839 359 3923 gestis
373 3841 596 3929 sagaciterque
608 3846 799 3911 examinatis
810 3846 874 3911 alia
894 3846 935 3912 de
955 3847 1016 3911 illis
1038 3846 1202 3913 uocabulis
1223 3848 1356 3934 protulit

202 3973 205 3978 ’
260 3979 292 4035 et
313 3992 353 4036 ex
374 3982 467 4058 parte
488 3974 628 4041 meliora.
671 3976 766 4042 Dixit
788 3978 891 4063 enim,
921 3977 1064 4045 Graecos
1094 3980 1201 4044 omnia
1231 4002 1270 4045 ea
1295 4001 1354 4066 pro

259 4107 387 4194 φανερᾷ
402 4093 497 4196 οὐσίᾳ
514 4105 673 4192 habuisse,
695 4107 780 4172 unde
795 4107 949 4174 tributum
967 4110 1002 4175 in
1015 4111 1172 4175 aerarium
1194 4110 1354 4197 publicum

259 4223 356 4321 pendi
385 4246 583 4324 opporteret,
614 4229 728 4325 ἀφανῆ·
753 4262 831 4306 vere
852 4242 891 4306 iis
913 4264 951 4307 ea
971 4243 1071 4310 fuisse
1092 4266 1174 4331 quae
1195 4245 1355 4310 occultare
