3084 4800
632 524 829 591 -21..

180 711 213 777 et
234 711 284 794 31,
305 710 389 775 Isaei
411 709 451 775 de
473 708 537 776 Cir.
559 704 666 775 hered.
688 713 708 791 ἓ
729 709 780 794 35,
801 708 841 774 de
861 708 1011 794 Hagniae
1041 709 1148 775 hered.
1170 713 1211 793 ἐξ
1231 711 1271 776 41

181 853 213 909 et
233 844 284 927 43,
307 842 475 909 Demosth.
505 852 587 908 orat.
623 865 648 907 o.
671 842 800 929 Aphob.
829 843 847 907 I
867 866 898 929 p.
920 829 981 908 816
1009 845 1029 925 ξ
1052 844 1100 927 10,
1122 843 1272 910 Aeschin.

180 948 389 1042 Timareheae
416 979 436 1059 ξ
458 977 509 1062 91,
534 979 570 1042 in
591 999 726 1064 quarum
746 978 835 1043 nulla
856 973 981 1043 ἔπιπλα
1002 978 1049 1042 ita
1069 987 1273 1063 usurpantur,

179 1119 215 1174 ut
241 1132 299 1195 pro
328 1109 474 1174 omnibus
505 1110 569 1175 sint
598 1110 693 1175 rebus
724 1109 895 1175 mobilibus
932 1120 988 1175 aut
1014 1133 1034 1174 a
1071 1112 1274 1196 possessione

180 1245 323 1310 terrestri
360 1244 615 1328 distinguantur,
652 1244 716 1307 imo
753 1241 935 1329 ubicunque
971 1264 1036 1306 una
1063 1265 1136 1307 cum
1166 1242 1273 1308 fundis

180 1386 469 1443 commemorantur
482 1373 616 1456 ἔπιπλα,
639 1398 709 1442 eam
724 1378 980 1442 coniunctionem
1001 1376 1132 1441 fortuito
1154 1377 1274 1441 factam

181 1533 250 1578 esse
271 1512 373 1597 primo
399 1512 490 1597 quasi
512 1509 626 1575 obtutu
647 1512 865 1598 unusquisque
887 1508 1009 1575 videbit
1029 1510 1129 1576 veluti
1150 1512 1184 1574 in
1194 1509 1271 1596 Lys.

181 1653 259 1709 orat.
290 1643 330 1710 de
359 1644 458 1709 Arist.
490 1643 583 1709 bonis
611 1644 693 1724 §29
721 1665 729 1705 ι
759 1641 797 1708 ἐν
827 1629 890 1709 οὖν
916 1642 1093 1729 τέτταρσιν
1122 1635 1142 1730 ἤ
1170 1643 1273 1710 πέντε
1330 1610 1332 1614 ³

181 1776 267 1844 ἔτεσι
295 1771 464 1864 πρότερον
483 1771 528 1863 μὴ
547 1766 757 1863 ὑπαρχούσης
779 1766 893 1854 οὐσίας
912 1770 1077 1862 χαλεπὸν,
1108 1762 1136 1842 ὦ
1157 1768 1274 1863 ἄνδρες

182 1911 347 1991 δικασταὶ,
379 1911 562 1996 τραγῳδοῖς
590 1934 627 1976 τε
659 1911 709 1987 δὶς
728 1904 907 1997 χορηγῆσαι
927 1901 1013 1997 ὑπὲρ
1034 1900 1139 1976 αὑτοῦ
1160 1933 1197 1975 τε
1217 1911 1274 1975 καὶ

180 2048 243 2110 τοῦ
263 2037 402 2130 πατρὸς,
423 2078 465 2090 -
486 2043 595 2110 οἰκίαν
615 2067 652 2109 τε
674 2038 891 2130 πεντήκοντα
905 2047 1000 2129 μνῶν
1019 2045 1194 2129 πρίασθαι,
1216 2047 1274 2129 γῆς

179 2200 217 2242 τε
231 2167 374 2262 πλέονῆ
395 2170 568 2262 τριακόσια
589 2176 722 2262 πλέθρα
744 2169 940 2262 κτήσασθαι,
963 2174 1013 2242 ἔτι
1033 2176 1069 2250 δὲ
1089 2169 1176 2263 πρὸς
1197 2171 1273 2244 τού-

180 2334 252 2388 τοις
273 2310 405 2377 οἴεσθαι
425 2314 542 2396 χρῆναι
571 2309 695 2377 ἔπιπλα
716 2304 827 2377 πολλὰ
846 2311 1141 2390 καταλελοιπέναι,
1170 2309 1226 2375 ubi
1246 2311 1274 2374 is

181 2448 235 2532 qui
265 2446 442 2510 orationem
472 2444 587 2529 habet,
620 2466 691 2510 cum
720 2444 795 2512 inde
816 2467 836 2510 a
856 2449 876 2527 ὅ
896 2446 936 2510 27
959 2445 1114 2510 iudicibus
1136 2444 1274 2531 probare

181 2587 322 2663 conetur,
337 2578 587 2664 Aristophanem
597 2600 761 2664 nunquam
770 2579 950 2666 possedisse
961 2601 1113 2664 magnam
1123 2585 1274 2643 vasorum

183 2713 307 2798 copiam
321 2721 512 2796 serstorum,
535 2710 664 2777 difficile
678 2734 748 2790 esse
763 2714 904 2798 exponit,
926 2713 1029 2798 spatio
1051 2720 1202 2798 quattuor
1222 2711 1275 2776 vel

182 2846 322 2931 quinque
343 2866 500 2910 annorum
521 2867 617 2930 agros
635 2855 667 2911 et
687 2846 800 2911 domus
821 2867 926 2912 emere
946 2854 979 2910 et
1001 2843 1124 2912 ἔπιπλα
1146 2867 1274 2932 quoque
1328 2893 1330 2897 -

179 2978 280 3043 multa
321 2987 353 3042 et
391 2980 532 3064 pretiosa
568 2978 726 3062 colligere.
788 2977 994 3045 Collocantur
1028 2980 1127 3063 igitur
1160 3000 1273 3044 revera

180 3134 220 3176 ex
241 3111 344 3177 altera
364 3120 455 3196 parte
488 3110 600 3176 domus
624 3121 656 3177 et
677 3113 757 3196 agri,
780 3134 821 3177 ex
839 3113 943 3180 altera
963 3110 1098 3193 ἔπιπλα,
1119 3112 1176 3177 sed
1198 3134 1272 3177 casu

179 3246 284 3330 magis
311 3266 407 3332 quam
438 3246 562 3310 ratione
587 3245 675 3310 facta
705 3256 754 3311 est
784 3247 959 3335 oppositio,
990 3268 1066 3312 nam
1092 3247 1120 3311 si
1147 3246 1272 3311 Aristo-

180 3377 302 3463 phanes
327 3399 393 3442 non
422 3376 538 3442 fundos
568 3377 629 3442 sibi
659 3378 721 3443 illis
750 3379 844 3443 annis
872 3378 928 3443 sed
956 3379 1020 3445 alia
1039 3377 1197 3466 quaedam
1217 3400 1271 3465 pa·

178 3511 331 3595 ravisset,
359 3510 439 3576 haec
471 3520 579 3575 orator
609 3510 763 3590 ἐπίπλοις
793 3512 1002 3599 opposuisset.
1033 3511 1134 3592 Nihil
1165 3521 1272 3577 autem

179 3643 265 3709 aliud
287 3668 327 3710 ex
356 3644 508 3710 hocloco
529 3645 718 3713 concludere
738 3647 832 3731 licet,
863 3668 959 3732 quam
979 3668 1058 3734 vasa
1077 3648 1132 3712 ilia
1153 3655 1271 3732 aerata,
1336 3677 1339 3684 ¹

180 3799 263 3862 quae
295 3800 390 3864 supra
418 3788 664 3844 commemorata
699 3788 790 3864 sunt,
822 3777 976 3845 ἐπίπλων
1003 3800 1135 3844 numero
1164 3779 1270 3845 fuisse.

179 3909 250 3974 Iam
279 3894 363 3996 apud
385 3909 586 3977 Herodotum
615 3912 719 3977 sexies
751 3913 913 3977 invenitur
940 3933 1005 3977 vox
1037 3909 1161 3978 ἔπιπλα
1182 3912 1200 3977 Ι
1220 3913 1271 3997 94,

181 4041 409 4108 150.164111
441 4044 501 4110 135
521 4044 571 4109 VI
601 4044 642 4109 23
663 4043 731 4109 VH
763 4044 823 4109 119
844 4043 901 4109 sed
921 4066 1079 4131 nusquam
1099 4026 1271 4110 fundorum
1308 4133 1310 4136 v

179 4175 230 4240 vel
251 4173 380 4261 ἐγγείου
401 4166 515 4254 οὐσίας
537 4177 795 4241 commemoratio
816 4176 870 4259 fit,
891 4177 1005 4263 quibus
1025 4179 1187 4242 contraria
1207 4178 1272 4243 sint

181 4305 316 4373 ἔπιπλα.
360 4308 554 4394 Saepissime
582 4309 678 4375 etiam
698 4307 881 4395 Xenophon
909 4331 988 4374 voce
1016 4306 1140 4375 ἔπιπλα
1161 4311 1270 4396 utitur,
