3084 4800
309 962 414 1028 Natus
435 962 636 1047 sumHugo
657 961 976 1028 Willenbucher
997 963 1150 1049 postridie
1164 965 1221 1030 cal.
1237 963 1318 1029 Dec.

226 1097 302 1161 anni
323 1094 354 1160 h.
376 1118 401 1159 s.
423 1094 700 1179 undesexagesimi
720 1092 1013 1180 Nieder-Olmi‚·in
1034 1097 1106 1160 vico
1129 1118 1228 1182 prope
1248 1096 1317 1161 Mo-

225 1231 371 1314 guntiam
393 1230 463 1312 sito,
485 1239 576 1314 patre
596 1227 718 1295 Ottone
739 1228 891 1314 chrico‚
912 1240 1015 1295 matre
1035 1229 1163 1294 Amalia
1184 1252 1201 1294 e
1222 1239 1319 1313 gente

225 1362 320 1426 Rose.
363 1361 478 1427 Fidem
507 1361 659 1446 profiteor
687 1363 913 1446 evangelicam.
958 1358 1077 1427 Puerili
1106 1361 1252 1427 doctrina
1271 1365 1317 1426 in-

225 1496 356 1561 stitutus
378 1495 695 1561 aNicder·Olmensi
716 1497 870 1580 magistro
892 1495 1095 1580 Moguntiam
1116 1497 1190 1560 veni
1211 1495 1318 1581 ibique

224 1630 259 1693 in
286 1631 430 1715 quintam
459 1628 618 1715 gymnasii
648 1630 782 1693 classem
810 1639 956 1714 receptus
984 1651 1064 1694 sum.
1107 1630 1203 1695 Anno
1233 1628 1263 1694 h.
1292 1650 1317 1693 s.

225 1760 526 1845 duodcootogcsimo
555 1763 748 1825 maturitatis
777 1762 959 1826 testimonio
992 1760 1165 1825 instructus
1188 1759 1317 1826 Gissam

225 1895 258 1959 in
271 1890 466 1958 academiam
478 1892 728 1958 Ludovicianam
742 1893 816 1978 abii,
826 1904 865 1958 ut
878 1894 991 1959 studiis
1004 1894 1174 1979 philologis
1188 1915 1317 1979 operam

225 2026 343 2092 darem.
397 2027 585 2092 Docuerunt
613 2048 665 2090 me
693 2026 737 2090 ibi
765 2048 823 2113 per
852 2034 1003 2112 quattuor
1029 2025 1097 2091 fere
1125 2047 1226 2089 annos
1257 2026 1317 2089 viri
1343 2090 1348 2097 ,

206 2160 390 2225 'clarissimi
411 2158 717 2244 Bratuscheclr‚
741 2159 905 2244 Olcmm,
926 2158 1114 2244 Lemcke,
1137 2157 1316 2242 Oncken,

225 2290 426 2378 Philippi,
455 2290 646 2377 Pichler,
676 2291 875 2372 Schiller,
897 2293 1150 2359 Schulthcl's.
1192 2291 1317 2358 Sodalis

224 2426 402 2491 ordinarius
434 2448 522 2491 cram
553 2428 714 2492 seminarii
743 2426 898 2512 philologi
919 2448 976 2511 per
997 2425 1077 2491 duos
1099 2445 1199 2491 annos
1221 2436 1317 2511 atquc

225 2560 366 2623 omnium
382 2559 655 2642 exercitationum,
671 2579 753 2645 quac
767 2570 842 2624 sunt
856 2580 876 2624 a
889 2558 1066 2623 rectoribus
1081 2558 1316 2624 humanissimis

225 2691 415 2758 Olcmmio
449 2702 482 2757 et
512 2691 720 2778 Philippio
743 2693 926 2776 institutae,
958 2693 1118 2778 particeps
1150 2713 1246 2756 eram.
1275 2728 1316 2737 -

223 2824 390 2891 Facultate
411 2824 545 2889 docendi
566 2835 698 2910 accepta
724 2826 757 2889 in
778 2845 944 2889 numerum
965 2825 1120 2889 sodalium
1141 2824 1315 2889 ordinario-

222 2978 293 3021 rum
319 2957 480 3022 seminarii
508 2953 691 3041 paedagogi
720 2966 869 3042 receptus
900 2978 986 3041 sum,
1016 2956 1101 3045 quod
1131 2978 1203 3021 cum
1224 2977 1315 3041 gym-

222 3090 312 3154 nasio
356 3087 503 3154 Gissensi
546 3089 749 3154 coniunctum
785 3087 986 3155 Schillcri
1024 3083 1173 3175 auspiciis
1213 3087 1314 3155 floret.

223 3220 381 3288 Omnibus
410 3221 486 3285 viris
507 3220 548 3285 dc
574 3239 626 3285 me
655 3217 879 3286 benemeritis
901 3221 1022 3305 gratias
1044 3243 1168 3306 semper
1189 3220 1314 3287 habebo

222 3353 388 3419 maximas.
