3084 4800
654 466 841 535 ..5-

204 653 352 739 solerent,
372 676 415 720 ne
429 655 601 740 vectigalia
614 653 739 720 solvere
754 663 954 739 cogerentur.
997 652 1098 733 Quod»
1104 677 1298 745 quamquam

205 787 316 851 melius
338 795 403 871 cst,
433 807 529 872 quam
557 785 642 873 quod
664 788 762 852 ceteri
791 787 1000 873 protulerunt,
1030 799 1139 855 tamen
1158 812 1200 855 ne
1219 791 1298 857 illud

206 918 333 1004 quidem
355 919 396 983 ab
418 920 504 984 omni
525 929 617 1005 parte
636 916 714 985 mihi
736 919 900 1006 probatur,
921 943 998 986 nam
1019 943 1115 1009 quam
1127 920 1299 1009 Koutorga
1397 907 1402 914 ¹

202 1073 300 1117 unam
331 1072 402 1118 esse
431 1051 543 1117 horum
573 1053 745 1119 verborum
774 1054 1041 1139 significationem
1072 1057 1199 1139 statuit,
1227 1077 1298 1122 eam

203 1186 384 1272 quicunque
406 1186 576 1271 scriptores
597 1184 742 1253 Graecos
767 1189 945 1254 accuratius
979 1188 1151 1275 perlegerit
1186 1209 1299 1255 revera

204 1319 360 1406 triplicem
382 1320 481 1386 fuisse
501 1320 631 1386 videbit.

285 1453 336 1517 Ac
356 1453 493 1538 primum
523 1452 651 1539 quidem
672 1447 801 1540 φανερὰ
831 1475 870 1519 ea
899 1474 973 1538 pars
1001 1454 1048 1519 rei
1066 1452 1232 1519 familiaris
1253 1453 1299 1520 di·

204 1588 294 1671 citur,
317 1607 413 1673 quam
428 1588 499 1673 quis
520 1587 561 1651 ab
576 1588 677 1653 altero
692 1588 908 1672 interrogatus
930 1609 965 1652 se
987 1586 1105 1652 habere
1126 1586 1300 1654 concedere

205 1710 472 1806 (ὁμολογεῖσθαι)
487 1720 592 1804 debet,
614 1741 686 1786 cum
700 1710 829 1808 ἀφανὴς
850 1742 888 1787 ca
909 1722 961 1805 sit,
984 1742 1080 1807 quam
1099 1720 1301 1786 dissimulare

204 1842 393 1939 (ἀφανίζειν
421 1854 473 1919 vel
502 1843 797 1941 ἀποκρύπτεσθαι)
827 1864 941 1941 potest.
984 1853 1081 1934 Quod
1107 1872 1300 1941 quamquam

203 1985 312 2052 multis
344 1988 496 2074 exemplis
534 1988 776 2074 comprobatur,
806 1989 926 2074 optime
961 1997 1069 2053 tamen
1099 1997 1132 2054 et
1163 2008 1299 2086 commo·

205 2119 334 2186 dissime
348 2121 538 2208 perspicitur
555 2144 596 2187 ex
610 2120 695 2186 Isaei
709 2130 788 2186 orat.
808 2119 848 2186 de
862 2120 1012 2206 Hagniae
1034 2120 1141 2186 hored.
1162 2123 1184 2202 ξ
1203 2120 1245 2186 43
1255 2120 1298 2206 *).

206 2252 325 2320 Orator
353 2254 439 2319 enim
467 2255 574 2320 omnia
595 2276 678 2341 quae
698 2253 875 2321 Stratocles
896 2252 1039 2340 possidet
1059 2252 1203 2318 breviter
1224 2273 1299 2318 cnu-

204 2396 316 2472 merat,
331 2409 437 2474 agros,
452 2385 574 2471 domus,
595 2388 763 2474 pecuniam
779 2396 980 2474 praesentem
995 2395 1028 2453 et
1042 2386 1166 2453 foenori
1180 2384 1298 2474 datam,

205 2520 442 2607 supellectilem,
456 2522 615 2606 animalia,
636 2521 768 2605 fructus,
790 2519 906 2607 quibus
920 2491 1011 2585 addit
1027 2523 1084 2587 καὶ
1099 2512 1196 2587 οὔπω
1212 2521 1298 2607 λέγω

204 2658 282 2742 περὶ
295 2660 366 2722 τῶν
380 2647 501 2737 ἄλλων,
522 2644 544 2722 ἃ
557 2655 763 2743 κατελείφθη
776 2655 847 2741 μὲν,
869 2638 965 2722 οὗτοι
979 2644 1072 2722 δὀὐκ
1091 2644 1298 2738 ἀποφαίνοιο

205 2807 267 2869 σιν,
288 2778 372 2855 ἀλλὰ
399 2782 448 2855 τὰ
475 2781 631 2875 φανερὰ
652 2771 708 2854 acl
728 2781 771 2854 τὰ
792 2778 860 2854 ὑπὸ
881 2781 1016 2854 τούτων
1038 2777 1297 2873 ὁμολογούμενα,

204 2921 291 2988 unde
310 2911 423 3009 ἀφανῆ
443 2924 551 2988 omnia
571 2943 610 2988 ea
630 2943 701 2987 esse
720 2929 873 3007 apparet,
899 2941 981 3007 quae
1001 2920 1186 3006 Stratocles,
1208 2920 1298 2986 cuius

206 3056 359 3121 intererat
379 3078 421 3121 ne
441 3055 612 3128 admodum
636 3053 726 3120 dives
746 3052 910 3119 videretur
931 3052 1105 3134 iudicibus,
1132 3041 1196 3120 cdx
1216 3041 1299 3121 α’πο-

206 3190 334 3272 calvet,
363 3211 402 3255 ca
421 3190 520 3275 igitur
539 3189 663 3253 ratione
683 3187 827 3274 possidet
846 3196 883 3253 ut
904 3188 1008 3272 ceteri,
1022 3185 1166 3251 homines
1188 3208 1297 3273 quam·

206 3343 302 3407 quam
331 3321 373 3387 ab
403 3344 441 3388 eo
469 3320 625 3408 possideri
655 3322 874 3408 suspicantur,
902 3342 960 3406 pro
982 3328 1069 3385 certo
1090 3328 1199 3384 tamen
1219 3317 1298 3384 illud

159 3465 164 3476 ’
206 3453 312 3520 dicere
326 3474 391 3519 non
406 3454 553 3539 audeant,
575 3447 703 3541 φανερὰ
713 3462 821 3519 autem
840 3474 888 3537 ea,
910 3473 1085 3539 quaecum
1106 3449 1298 3517 dissimulari

205 3596 367 3673 nequeant
385 3588 524 3652 omnium
547 3586 645 3652 oculis
666 3586 905 3672 conspiciuntur
925 3593 958 3651 et
978 3586 1070 3672 quasi
1090 3583 1200 3669 digitis
1221 3603 1297 3649 enu-

274 3909 302 3978 *)
320 3910 468 3975 Nonnulla,
492 3925 559 3975 quae
581 3910 635 3961 huc
659 3910 861 3976 pertinentiam
879 3926 895 3960 a
912 3908 1045 3975 Philippio
1062 3907 1090 3957 in
1107 3905 1298 3972 scriptiuncula

207 3998 337 4065 peculiari
354 4011 424 4047 anno
444 4000 507 4049 1871
528 3996 634 4062 Lipsiae
651 3996 723 4048 edita
739 3996 897 4047 adumbrata
914 4001 988 4059 sunt,
1007 3993 1104 4059 quibus
1121 3993 1160 4043 ita
1176 3998 1249 4057 utar,
1267 3998 1298 4043 ut

208 4100 275 4149 quae
293 4084 381 4134 minus
399 4089 470 4134 recte
488 4083 554 4134 mihi
571 4082 644 4134 dicta
661 4097 718 4134 esse
735 4081 861 4132 videntur
877 4080 958 4131 tacito
976 4080 1110 4143 omittam,
1127 4093 1195 4143 quae
1212 4077 1298 4144 magis

207 4168 327 4237 exposita
349 4184 406 4220 esse
430 4174 493 4235 puto
518 4185 598 4234 quam
615 4167 759 4235 explicata,
785 4182 864 4232 quam
881 4166 996 4217 maxima
1014 4165 1151 4231 explanem
1168 4163 1297 4230 novisque
1361 4231 1362 4236 Ἰ

206 4255 333 4322 exemplis
349 4255 487 4307 illustrem.
