3084 4800
639 493 845 561 „23-

198 680 268 748 Nec
289 690 397 746 tamen
418 679 493 746 inde
515 680 601 766 quod
622 702 663 745 ex
684 679 786 746 altera
806 689 898 766 parte
919 681 1053 746 collocat
1069 680 1211 763 fundos,
1245 702 1286 745 ex

198 815 299 880 altera
318 807 360 880 τὰ
381 812 420 880 ἐκ
440 817 499 899 τῆς
520 813 636 892 οἰκίας,
658 835 771 878 revera
792 835 864 879 eum
885 813 971 878 bona
991 812 1167 878 immobilia
1188 828 1286 899 oppo-

196 949 297 1013 suisse
318 957 451 1033 apparet
471 945 651 1011 mobilibus.
702 945 766 1012 Sed
788 969 830 1013 ne
851 946 1066 1012 enumeranda
1085 948 1184 1031 longa
1204 947 1287 1021 serie

196 1103 302 1146 rerum
324 1104 341 1145 e
362 1081 456 1146 ‹lomo
471 1079 672 1146 venditarum
686 1079 853 1145 audientes
867 1079 1029 1167 fatigaret,
1052 1102 1106 1146 eas
1121 1081 1285 1146 enuntiato

196 1206 238 1280 τὰ
260 1212 297 1280 ἐκ
319 1218 378 1300 τῆς
399 1212 505 1290 οἰκίας
527 1212 776 1299 comprehendit,
810 1222 1004 1300 quapropter
1025 1212 1110 1277 idem
1131 1212 1199 1278 fere
1218 1213 1284 1278 fac·

195 1357 264 1413 tum
297 1370 368 1413 esse
399 1368 583 1433 persuasum
614 1346 734 1429 habeo,
766 1345 853 1432 quod
884 1347 918 1413 in
950 1345 1117 1411 Demosth.
1139 1369 1165 1411 c.
1188 1347 1284 1412 Ouet.

196 1481 340 1549 oratione
367 1503 397 1566 p.
412 1481 469 1545 871
488 1480 577 1563 §28,
607 1479 661 1544 ubi
690 1490 797 1544 orator
819 1479 1037 1544 adversarium
1058 1500 1166 1563 suum,
1200 1478 1285 1564 quod

196 1636 237 1679 ex
257 1635 336 1698 agro
358 1614 463 1698 aliquo
486 1613 593 1678 omnia
614 1635 696 1699 quae
726 1614 848 1677 moveri
869 1614 1047 1698 potuerint,
1070 1613 1177 1676 omnia
1197 1605 1285 1697 πλὴν

195 1751 265 1813 τῶν
285 1745 439 1831 ἐγγείων,
461 1748 691 1832 reportaverit,
713 1747 911 1831 gravissimis
932 1747 997 1810 urit
1018 1754 1050 1809 et
1071 1745 1284 1810 acerbissimis

195 1878 310 1945 verbis.
366 1879 491 1946 Onetor
521 1882 605 1944 enim
626 1902 668 1944 ne
702 1880 938 1945 Demosthenes
969 1881 1037 1944 iure
1058 1900 1172 1963 agrum
1196 1879 1284 1945 illum

196 2034 351 2098 occupare
372 2012 534 2078 videretur
555 2015 692 2097 veritus,
722 2025 758 2078 ut
785 2034 881 2098 quam
902 2013 1039 2098 plurima
1060 2011 1121 2075 sibi
1141 2020 1285 2077 servaret

196 2147 304 2210 omnia
324 2156 475 2210 evexerat
496 2146 615 2211 relictis
637 2154 761 2211 tantum
783 2146 832 2229 iis,
864 2167 947 2230 quae
967 2145 1089 2209 moveri
1109 2167 1174 2211 non
1195 2153 1284 2230 pote·

195 2288 277 2344 rant.
320 2279 556 2343 Discernuntur
576 2280 675 2362 igitur
695 2278 747 2342 hio
767 2278 878 2364 procul
900 2277 996 2343 <lubio
1017 2300 1069 2342 res
1090 2277 1223 2343 mobiles
1242 2278 1284 2343 ab

194 2414 233 2478 iis
255 2435 337 2499 quae
358 2414 427 2478 loco
449 2415 572 2478 moveri
592 2435 657 2477 non
678 2422 822 2498 possunt,
845 2412 902 2478 sed
923 2435 995 2478 cum
1016 2423 1154 2497 agantur
1174 2436 1225 2478 res
1244 2436 1284 2479 cx

196 2543 272 2611 sede
293 2546 431 2632 quadam
453 2544 644 2630 evehendae,
666 2545 746 2611 haec
760 2547 918 2632 oppositio
933 2567 1004 2610 meo
1021 2545 1143 2631 judicio
1158 2544 1285 2611 diversa

193 2688 243 2744 est
272 2678 313 2744 ab
343 2702 380 2745 ea
408 2702 505 2766 quam
525 2679 662 2744 Romani
691 2679 864 2745 secundum
890 2681 939 2745 ius
954 2769 955 2772 Ἴ
969 2701 1061 2746 suum
1090 2679 1283 2763 statuebant,

192 2833 297 2897 neque
325 2823 491 2898 praeterea
519 2833 712 2898 quemquam
738 2810 778 2876 <le
806 2812 900 2876 bonis
926 2810 1097 2876 mobilibus
1125 2813 1284 2895 cogitasse

193 2967 380 3031 persuasum
401 2945 514 3029 habeo,
536 2968 618 3031 quae
640 2955 747 3011 essent
768 2946 928 3010 contraria
948 2945 987 3008 iis
1009 2966 1091 3029 quae
1110 2943 1285 3010 immobilia

193 3088 277 3143 sunt.
312 3078 403 3157 Quae
417 3099 489 3142 cum
503 3079 550 3143 ita
567 3080 640 3163 sint,
663 3076 739 3143 illud
754 3077 912 3142 affirmare
925 3097 991 3140 non
1004 3075 1126 3161 dubito,
1140 3076 1284 3142 Graecos

193 3210 297 3276 bonae
318 3212 432 3276 aetatis
447 3211 624 3276 Romanam
646 3211 803 3275 bonorum
825 3209 1012 3274 divisionem
1036 3210 1197 3294 cognitam
1218 3231 1281 3274 non

192 3343 351 3428 habuisse,
374 3365 568 3430 quamquam
588 3343 818 3430 posterioribus
839 3343 1046 3429 temporibus,
1072 3364 1144 3408 oum
1165 3341 1283 3410 Graeci

193 3498 264 3542 oum
279 3478 432 3542 Romanis
448 3479 672 3546 commercium
694 3476 859 3561 haberent,
881 3498 923 3541 ne
937 3477 999 3542 illis
1014 3476 1142 3565 quidem
1155 3479 1202 3542 rei
1216 3499 1281 3541 mo·

191 3611 264 3677 bilis
285 3622 318 3677 et
338 3610 508 3676 immobilis
530 3612 618 3676 notio
641 3611 777 3696 amplius
799 3612 911 3696 ignota
931 3633 1001 3677 esse
1029 3612 1142 3696 potuit.
1186 3610 1280 3696 Poly·

191 3742 263 3809 bius
292 3742 420 3829 quidem
448 3744 608 3809 nonnullis
641 3743 718 3808 locis
740 3743 917 3808 Romanam
944 3743 1029 3808 illam
1048 3744 1097 3808 rei
1117 3742 1282 3809 familiaris

192 3876 381 3943 divisionem
413 3875 546 3961 praebet
577 3877 623 3941 sic
651 3875 792 3945 XXXII
828 3877 864 3960 8,
892 3876 914 3946 4
943 3875 983 3941 ‹le
1011 3876 1111 3941 Lucio
1142 3877 1280 3942 Aemilio

192 4010 327 4094 legimus
355 3999 497 4075 ἀπέλιπε
528 4002 593 4075 τὸν
622 4008 709 4075 ἴδιον
737 4010 823 4090 βίον,
854 3999 940 4075 ὥστε
972 4003 1066 4091 (τοὺς
1097 4003 1206 4094 υἱοὺς)
1236 4003 1281 4096 μὴ

192 4134 357 4207 δύνασθαι
378 4135 439 4228 τὴν
461 4135 586 4229 φερνὴν
606 4145 647 4226 τῇ
666 4143 796 4227 γυναικί
818 4142 968 4209 διαλῦσαι
982 4140 1020 4207 ἐκ
1032 4146 1104 4214 ,τῶν
1117 4140 1280 4222 ἐπίπλων,

118 4302 121 4310 ·
192 4272 221 4340 εί
251 4267 296 4360 μὴ
327 4278 397 4340 τῶν
427 4274 563 4361 ἐγγείων
592 4268 685 4352 τινὰς
715 4276 968 4362 προςαπέδοντο
998 4269 1150 4360 κτήσεων
1183 4285 1280 4362 atque
