3084 4800
716 488 924 555 ..20-

274 685 339 741 tom
350 672 531 739 revocanda
541 694 610 738 osso
625 681 769 758 apparet,
784 672 825 738 sd
840 694 934 759 quom
949 672 1077 738 uberior
1087 674 1227 739 Pollucis
1241 685 1273 741 et
1284 674 1367 770 Hurf
1389 754 1393 761 .

273 807 468 893 pocrationis
475 806 785 891 memoricpcrtinct,
799 804 870 869 dico
880 804 1080 870 Bachmanni
1088 806 1199 873 anecd.
1210 806 1246 872 II
1255 829 1285 893 p.
1296 806 1368 892 338,

276 941 315 1006 19
342 938 466 1007 ἔπιπλα
496 940 649 1025 λέγονται
680 931 722 1005 τά
744 932 958 1025 ἐλαφρότατα
978 943 1049 1006 τῶν
1069 933 1247 1027 κτημάτων
1268 938 1369 1026 (opud

275 1062 473 1157 Pollucemo‘]
490 1065 601 1158 κοτ’ςοη
620 1073 746 1157 κτῆσις)
767 1065 860 1158 παρὰ
879 1065 921 1138 τὸ
943 1066 1162 1157 ἐπιπολάζειν
1184 1083 1216 1138 ot
1229 1072 1370 1138 Bckkcri

164 1183 166 1188 ³
274 1206 336 1271 lox.
364 1204 446 1270 rhet.
483 1226 514 1289 p.
542 1203 614 1288 255,
644 1204 682 1268 11
713 1201 837 1270 ἔπιπλα
865 1197 908 1270 τά
936 1195 1036 1291 σκεύη
1061 1198 1104 1271 τά
1132 1204 1170 1271 ἐν
1192 1206 1284 1292 χερσὶ
1313 1207 1369 1271 καὶ

273 1330 416 1424 χρειώδη
444 1333 501 1402 καὶ
533 1329 783 1420 ἐπιπολάζοντα
809 1341 850 1421 τῇ
879 1335 987 1427 οίκίᾳ,
1019 1346 1052 1402 st
1072 1336 1278 1402 Eustcthium
1306 1337 1327 1402 l.
1348 1338 1369 1403 l.

274 1471 331 1536 καί
357 1462 422 1556 μὴν
451 1460 560 1546 άλλως
589 1467 713 1535 ἔπιπλα
742 1470 822 1536 καθ’
835 1466 969 1556 ἑτέρους
999 1469 1037 1537 ἐκ
1065 1474 1124 1557 τῆς
1144 1470 1307 1557 ἐπιπολῆς
1328 1464 1370 1537 τά

275 1601 380 1669 οἱονεὶ
409 1594 657 1686 ἐπιπολάζοντα
685 1601 722 1669 ἐν
748 1606 798 1688 τῷ
823 1604 1082 1690 προφαίνεσθαι.
1130 1603 1289 1671 Omnibus
1319 1603 1369 1668 his

274 1736 352 1801 locis
368 1733 492 1803 ἔπιπλα
505 1747 561 1801 aut
575 1759 595 1801 a
607 1736 706 1802 verbo
721 1736 873 1820 πίοίζειν
893 1746 949 1802 aut
970 1759 991 1802 a
1010 1759 1090 1811 vocs
1110 1731 1256 1823 ἐπιπολὴ
1274 1736 1370 1802 ducta

275 1889 468 1955 quamquam
483 1878 570 1934 recto
585 1862 686 1956 σκεύη
706 1869 758 1934 vcl
772 1863 873 1956 οκεύη
886 1863 928 1936 τὰ
942 1863 1027 1936 κατὰ
1049 1862 1111 1956 τὴν
1132 1869 1241 1935 οίκίαν
1260 1869 1368 1935 dicun-

275 2012 337 2085 tur,
359 2010 467 2066 tumen
481 2001 566 2085 quod
581 1990 677 2092 οὗοίᾳ
695 2000 813 2089 ἐγγείῳ
827 2004 847 2068 i.
863 2025 889 2067 c.
905 2002 1013 2068 fundis
1035 2012 1241 2089 opponuntur
1254 2004 1370 2067 iniuria

275 2133 395 2198 factum
426 2143 475 2199 cst
504 2155 608 2220 nequo
630 2156 703 2200 cum
722 2135 906 2220 Atticorum
925 2136 1116 2221 scriptorum
1137 2135 1288 2222 loquendi
1309 2157 1368 2199 usu

275 2267 422 2331 concinit.

357 2403 408 2468 Ac
438 2403 576 2488 primum
603 2402 732 2488 quidem
763 2413 799 2467 ut
820 2401 1044 2487 demonstrem,
1073 2423 1236 2488 nunquam
1258 2423 1368 2466 vocem

276 2532 400 2600 ἔπιπλα
415 2534 456 2599 ab
471 2536 612 2621 antiquis
626 2534 834 2621 scriptoribus
849 2534 890 2601 ud
905 2534 990 2600 bona
1009 2535 1140 2600 mobilia
1160 2534 1370 2620 significanda

274 2677 461 2753 usurpatam
496 2689 600 2754 nequo
640 2658 736 2759 οὐσίᾳ
775 2667 891 2754 ἐγγείῳ
920 2670 1099 2754 oppositam
1129 2691 1214 2750 csso,
1244 2690 1298 2734 cos
1325 2669 1369 2734 lo·

276 2823 329 2865 cos
358 2801 522 2886 colligam,
560 2801 676 2887 quibus
704 2813 760 2867 aut
787 2799 911 2868 ἔπιπλα
941 2823 1013 2866 cum
1043 2822 1123 2868 voce
1152 2800 1276 2887 ἐγγειος
1305 2824 1369 2866 om·

275 2934 352 2997 nino
366 2955 432 2997 non
447 2935 693 3020 coniungantur,
714 2944 770 3000 aut
784 2944 912 3020 practer
927 2931 1051 3000 ἔπιπλα
1065 2936 1146 3001 tales
1160 2956 1211 3001 ros
1235 2955 1370 2998 comme-

276 3079 455 3153 morentur,
484 3089 566 3153 quus
596 3067 682 3153 apud
702 3067 865 3133 Romanos
895 3067 1059 3132 mobilium
1079 3070 1208 3134 nominc
1229 3089 1370 3154 compro·

276 3200 468 3266 honduntur.
509 3199 595 3265 Num
624 3200 652 3265 si
682 3222 708 3264 c.
740 3221 772 3285 g.
803 3199 964 3265 hominem
985 3199 1146 3286 quondam
1167 3196 1291 3266 ἔπιπλα
1312 3221 1371 3264 sna

277 3342 309 3399 et
323 3354 433 3398 servos
449 3342 481 3397 ot
496 3353 612 3417 pecora
626 3331 810 3398 vendidisse
823 3333 968 3418 legimus,
991 3343 1078 3399 corto
1100 3335 1215 3400 scimus
1237 3331 1371 3414 ἔπιπλα,

277 3465 396 3554 quippo
422 3488 505 3553 quas
527 3487 632 3553 nequo
653 3487 763 3531 servos
784 3488 889 3553 neque
909 3488 1027 3552 pecora
1049 3467 1309 3553 complectantur,
1330 3489 1371 3532 no

277 3600 343 3664 vim
365 3599 494 3687 quidem
524 3599 681 3665 bonorum
701 3599 867 3665 mobilium
888 3600 1007 3667 habero
1027 3624 1132 3687 posse.
1174 3601 1229 3669 Sic
1249 3602 1283 3666 in
1303 3600 1371 3665 Iso·

278 3734 375 3798 cratis
404 3735 549 3798 oratione
578 3756 605 3798 c.
626 3732 769 3819 Euthyn.
800 3734 862 3815 §2
893 3744 1020 3821 practer
1051 3730 1175 3800 ἔπιπλα
1196 3734 1373 3799 afferuntur

278 3866 363 3931 servi
384 3875 417 3931 ot
437 3833 573 3952 pocunia
593 3889 602 3931 z
624 3859 703 3942 τοὺς
725 3865 857 3943 οίκέτας
879 3864 942 3947 ἔξω
963 3871 1021 3953 τῆς
1040 3871 1099 3952 γῆς
1120 3865 1303 3952 ἐξέπεμψε,
1326 3860 1372 3932 τὰ

279 3998 306 4063 δ’
321 3995 445 4065 ἔπιπλα
460 3989 506 4076 ὡς
516 3998 573 4085 ἐμὲ
587 3992 730 4083 ἐκόμισε,
751 4000 828 4085 τρία
842 3999 878 4064 δὲ
891 3993 1039 4066 τάλαντα
1054 3989 1214 4087 άργορίοο
1224 3990 1372 4085 Eirinon

279 4126 461 4215 φυλάττειν
492 4129 635 4212 irionem
676 4154 781 4219 nequo
810 4133 902 4198 alitor
928 4154 980 4198 ros
1007 4155 1043 4198 sc
1069 4132 1168 4198 habet
1196 4133 1229 4198 in
1255 4132 1374 4219 Lysias

280 4273 359 4329 orat.
387 4287 414 4329 c.
436 4264 525 4329 Erat.
555 4269 574 4345 ξ
598 4266 646 4350 19,
676 4288 702 4329 ο.
725 4265 824 4349 Diog.
852 4267 872 4345 ὅ
895 4264 943 4359 15,
973 4264 1013 4330 dc
1034 4268 1132 4331 Arist.
1155 4266 1249 4331 bonis
1269 4268 1312 4349 ἐξ
1331 4265 1373 4330 29
