3084 4800
710 453 897 519 ..6.-

260 639 376 704 merari
404 646 548 725 possunt.
591 637 795 723 Quapropter
820 630 966 721 φανερὰς
987 655 1096 700 omnes
1117 632 1279 699 hominum
1299 656 1351 700 res

261 771 390 857 dixeris,
413 770 529 836 fundos
545 779 577 836 et
590 791 699 835 servos
714 779 747 836 et
760 769 987 854 supellectilem
1001 777 1034 834 et
1054 768 1231 854 pecuniam,
1253 788 1351 853 quan·

261 916 327 971 tam
348 905 402 991 qui
423 904 521 970 habet
550 927 585 969 se
605 902 768 989 possidere
789 903 919 968 infitiari
939 903 1058 990 nequit.
1101 902 1193 982 Quae
1214 924 1286 967 oum
1307 903 1353 967 ita

261 1039 341 1121 sint,
374 1038 470 1102 etiam
490 1038 523 1101 in
544 1037 663 1124 Lysiae
683 1037 762 1103 ΧΠ.
786 1045 865 1101 1111.
887 1041 907 1119 ἕ
928 1037 969 1101 83
989 1030 1031 1102 τὰ
1053 1029 1182 1122 φανερὰ
1201 1028 1352 1121 χρήματα
1389 1050 1391 1052 ’

262 1192 344 1258 quae
365 1170 529 1255 dicuntur,
554 1192 620 1235 non
642 1180 768 1236 tantum
789 1169 963 1235 immobilia
983 1178 1058 1235 sunt
1078 1168 1172 1252 bona,
1194 1177 1230 1232 ut
1250 1167 1351 1233 Froh·

261 1302 377 1389 berger
391 1305 496 1369 minus
509 1313 597 1369 recte
611 1305 840 1389 interpretatus
856 1312 914 1387 est,
936 1302 992 1369 sed
1008 1325 1080 1367 cum
1090 1301 1264 1367 immobilia
1284 1310 1353 1366 tum

261 1435 393 1502 mobilia
399 1454 410 1520 ‚'
441 1437 548 1501 omnia
577 1437 685 1521 igitur,
708 1457 790 1522 quae
811 1435 1019 1501 Eratostheni
1049 1457 1119 1501 esse
1139 1435 1353 1499 Athenienses

262 1568 406 1634 sciebant
428 1556 582 1654 oppositis
600 1569 638 1633 iis
660 1590 741 1654 quae
762 1567 804 1634 ab
825 1568 879 1633 illo
900 1568 959 1632 sub
980 1568 1115 1652 triginta
1134 1568 1275 1632 virorum
1295 1568 1351 1631 im-

215 1742 217 1746 »
261 1694 350 1788 perio
364 1712 478 1787 parata
491 1724 533 1767 ne
546 1701 711 1767 hominum
732 1702 887 1768 111111111
908 1701 1119 1767 inhonorum
1139 1700 1354 1787 publicatione

262 1833 418 1919 effugiant
431 1834 547 1921 Lysias
568 1844 705 1900 veretur.
747 1824 842 1903 Ἀλλὰ
862 1827 935 1921 γὰρ,
952 1835 1069 1921 inquit,
1092 1833 1121 1900 sl
1141 1826 1183 1899 τὰ
1202 1827 1353 1919 χρήματα

260 1961 303 2034 τὰ
319 1961 448 2055 φανερὰ
463 1962 668 2055 δημεύσαιτε,
688 1973 799 2046 καλῶς
812 1959 855 2035 111
876 1965 946 2054 ἔχοι
966 1959 987 2056 ἢ
1007 1973 1049 2053 τῇ
1069 1961 1178 2047 πόλει,
1199 1950 1237 2052 ἧς
1259 1961 1354 2032 οὗτοι

258 2094 369 2169 πολλὰ
398 2095 549 2188 εἰλήφασι
577 2092 598 2188 ἢ
625 2115 697 2180 ταῖς
718 2074 881 2182 ἰδιώταις,
912 2086 961 2168 111
981 2094 1070 2186 (τὰς)
1092 2100 1199 2178 οἰκίας
1219 2092 1353 2184 ἐξεπόρ-

260 2240 403 2321 θησαν;’
428 2232 514 2313 Quid
540 2225 583 2299 τὰ
602 2227 754 2320 χρήματα
781 2227 824 2299 τὰ
855 2227 983 2321 φανερὰ
1015 2256 1085 2299 esse
1114 2232 1201 2298 bona
1227 2240 1353 2296 tantum

252 2366 459 2446 immobilia?
481 2365 619 2447 Quando
634 2366 849 2433 Athenienses
864 2367 952 2432 11111
969 2365 1133 2431 cuiusdam
1146 2364 1231 2431 bona
1251 2362 1353 2449 publi·

261 2522 334 2565 care
360 2499 585 2586 decreverant,
613 2522 678 2565 non
707 2502 815 2565 omnia
843 2499 899 2565 sed
928 2509 1052 2587 partem
1081 2508 1206 2564 tantum
1235 2496 1354 2583 publici
1387 2538 1390 2542 >

260 2634 337 2698 iuris
359 2633 473 2698 fecisse
495 2633 700 2699 audivimus?
742 2633 797 2697 An
818 2632 966 2719 Lysiam,
995 2634 1049 2719 qui
1076 2632 1196 2696 nullam
1217 2653 1354 2717 poenam

260 2765 484 2832 Eratosthenis
515 2765 686 2832 sceleribus
715 2776 824 2852 aptam
851 2767 996 2831 invenire
1020 2788 1055 2831 se
1075 2787 1170 2851 posse
1190 2765 1353 2850 professus

261 2910 319 2985 est,
341 2922 413 2965 oum
427 2900 468 2965 (11
491 2899 649 2965 bonorum
669 2898 885 2986 publicatione
906 2898 1035 2983 diceret,
1057 2897 1098 2964 de
1118 2907 1210 2984 parte
1229 2907 1354 2963 tautum
1451 2953 1454 2958 .

261 3055 371 3099 eorum
401 3031 595 3120 publicanda
625 3034 717 3118 quasi
747 3032 789 3098 dc
818 3034 920 3098 minus
947 3033 1040 3117 gravi
1065 3053 1173 3118 poena
1188 3032 1354 3115 ‘cogitasse

260 3167 383 3254 putas?
432 3165 547 3252 Itaque
575 3164 608 3231 id
643 3164 728 3252 quod
757 3186 854 3250 supra
881 3164 948 3229 dixi
975 3158 1125 3251 χρήματα
1153 3158 1196 3231 τὰ
1226 3158 1353 3251 φανερὰ

261 3308 336 3365 sunt
356 3298 580 3364 Eratosthenis
613 3298 700 3363 bona
729 3320 937 3386 quaecunque
967 3297 1129 3363 hominum
1154 3297 1261 3362 oculos
1288 3319 1353 3361 non

262 3430 452 3516 effugerant,
473 3421 585 3517 ἀφανῆ
605 3442 713 3497 autem
735 3431 900 3518 quaesibi
921 3433 1003 3497 clam
1024 3442 1230 3516 congesserat
1239 3431 1353 3497 Erato-

261 3563 390 3629 sthenes
420 3586 564 3651 quaeque
593 3566 620 3630 si
658 3566 744 3630 bona
772 3588 831 3631 sua
860 3565 987 3652 publice
1013 3567 1161 3631 venirent
1192 3566 1253 3630 sihi
1277 3567 1352 3631 reti·

261 3707 353 3763 neret
366 3698 408 3784 ²¹²).
452 3698 562 3785 Atque
589 3721 671 3786 quae
697 3699 785 3785 apud
803 3699 937 3786 Lysiam
965 3692 1007 3764 τὰ
1037 3691 1166 3785 φανερὰ
1193 3692 1354 3785 χρήματα,

262 3853 301 3895 ea
329 3829 414 3917 apud
435 3830 685 3918 Xenophontem
715 3841 790 3897 sunt
820 3825 869 3898 τὰ·
884 3831 1015 3917 ἐμφανῆ
1034 3824 1198 3918 χρήματα,
1226 3830 1352 3897 Hellen.

261 3960 293 4027 V
338 3985 365 4027 1.
413 3963 434 4028 2
472 3966 492 4046 ξ
535 3965 583 4030 10.
651 3963 810 4030 Phliasios
858 3965 943 4029 enim
989 3962 1150 4050 quondam
1183 3926 1214 4028 a
1254 3963 1353 4028 Lace·

264 4135 461 4145 ——.-..—...

331 4230 358 4299 *)
379 4234 504 4286 conferas
521 4234 659 4286 Plutarchi
676 4233 804 4285 Themist.
822 4223 845 4285 c.
865 4236 897 4285 25
914 4237 930 4298 5
949 4239 971 4284 2.
