<?xml version="1.0" encoding="UTF-8"?>
<!DOCTYPE html PUBLIC "-//W3C//DTD XHTML 1.0 Transitional//EN"
    "http://www.w3.org/TR/xhtml1/DTD/xhtml1-transitional.dtd">
<html xmlns="http://www.w3.org/1999/xhtml" xml:lang="en" lang="en">
 <head>
  <title>
</title>
<meta http-equiv="Content-Type" content="text/html;charset=utf-8" />
  <meta name='ocr-system' content='tesseract 3.04.00' />
  <meta name='ocr-capabilities' content='ocr_page ocr_carea ocr_par ocr_line ocrx_word'/>
</head>
<body>
  <div class='ocr_page' id='page_1' title='image "./denonnullisscri00willgoog_0026.png"; bbox 0 0 3084 4800; ppageno 0'>
   <div class='ocr_carea' id='block_1_1' title="bbox 719 524 926 591">
    <p class='ocr_par' dir='ltr' id='par_1_1' title="bbox 719 524 926 591">
     <span class='ocr_line' id='line_1_1' title="bbox 719 524 926 591; baseline -0.014 -15"><span class='ocrx_word' id='word_1_1' title='bbox 719 524 926 591; x_wconf 53' lang='grc'><strong>,22-</strong></span> 
     </span>
    </p>
   </div>
   <div class='ocr_carea' id='block_1_2' title="bbox 156 702 1369 797">
    <p class='ocr_par' dir='ltr' id='par_1_2' title="bbox 156 702 1369 797">
     <span class='ocr_line' id='line_1_2' title="bbox 156 702 1369 797; baseline -0.001 -20"><span class='ocrx_word' id='word_1_2' title='bbox 156 768 158 772; x_wconf 68' lang='grc'><strong><em>,</em></strong></span> <span class='ocrx_word' id='word_1_3' title='bbox 276 715 376 779; x_wconf 87' lang='lat' dir='ltr'><strong>veluti</strong></span> <span class='ocrx_word' id='word_1_4' title='bbox 404 716 437 779; x_wconf 94' lang='lat' dir='ltr'><strong>in</strong></span> <span class='ocrx_word' id='word_1_5' title='bbox 459 714 580 779; x_wconf 88' lang='lat' dir='ltr'><strong>Oeeon.</strong></span> <span class='ocrx_word' id='word_1_6' title='bbox 602 711 655 778; x_wconf 94' lang='grc' dir='ltr'><strong>ΙΠ</strong></span> <span class='ocrx_word' id='word_1_7' title='bbox 676 714 696 793; x_wconf 67' lang='grc' dir='ltr'>ξ</span> <span class='ocrx_word' id='word_1_8' title='bbox 717 712 738 776; x_wconf 80' lang='lat'><strong>2</strong></span> <span class='ocrx_word' id='word_1_9' title='bbox 758 712 792 776; x_wconf 86' lang='grc' dir='ltr'><strong><em>τί</em></strong></span> <span class='ocrx_word' id='word_1_10' title='bbox 813 711 841 776; x_wconf 84' lang='grc' dir='ltr'><strong>δ’</strong></span> <span class='ocrx_word' id='word_1_11' title='bbox 854 702 896 797; x_wconf 79' lang='grc' dir='ltr'><strong>ἢν</strong></span> <span class='ocrx_word' id='word_1_12' title='bbox 916 746 958 756; x_wconf 85' lang='lat'><em>-</em></span> <span class='ocrx_word' id='word_1_13' title='bbox 979 704 1187 790; x_wconf 88' lang='grc' dir='ltr'><strong><em>έπιδεικνύω,</em></strong></span> <span class='ocrx_word' id='word_1_14' title='bbox 1208 704 1287 788; x_wconf 86' lang='grc' dir='ltr'><strong>ιοὺς</strong></span> <span class='ocrx_word' id='word_1_15' title='bbox 1307 709 1369 796; x_wconf 77' lang='grc' dir='ltr'><strong>μὲν</strong></span> 
     </span>
    </p>
   </div>
   <div class='ocr_carea' id='block_1_3' title="bbox 225 837 1369 2130">
    <p class='ocr_par' dir='ltr' id='par_1_3' title="bbox 225 837 1369 2130">
     <span class='ocr_line' id='line_1_3' title="bbox 274 837 1369 930; baseline -0.004 -17"><span class='ocrx_word' id='word_1_16' title='bbox 274 841 365 913; x_wconf 84' lang='grc' dir='ltr'><strong><em>πάνυ</em></strong></span> <span class='ocrx_word' id='word_1_17' title='bbox 385 838 495 913; x_wconf 74' lang='grc' dir='ltr'><strong><em>πολλὰ</em></strong></span> <span class='ocrx_word' id='word_1_18' title='bbox 516 847 572 911; x_wconf 88' lang='grc' dir='ltr'><strong>καὶ</strong></span> <span class='ocrx_word' id='word_1_19' title='bbox 593 858 738 911; x_wconf 84' lang='grc' dir='ltr'><strong><em>παντοῖα</em></strong></span> <span class='ocrx_word' id='word_1_20' title='bbox 757 844 979 930; x_wconf 80' lang='grc' dir='ltr'><strong><em>κεκτημένους</em></strong></span> <span class='ocrx_word' id='word_1_21' title='bbox 1002 843 1126 910; x_wconf 84' lang='grc' dir='ltr'><strong><em>έπιπία</em></strong></span> <span class='ocrx_word' id='word_1_22' title='bbox 1146 846 1202 921; x_wconf 84' lang='grc' dir='ltr'><strong>καὶ</strong></span> <span class='ocrx_word' id='word_1_23' title='bbox 1223 837 1369 923; x_wconf 78' lang='grc' dir='ltr'><strong><em>τούτοις,</em></strong></span> 
     </span>
     <span class='ocr_line' id='line_1_4' title="bbox 275 971 1368 1066; baseline -0.003 -20"><span class='ocrx_word' id='word_1_24' title='bbox 275 972 365 1047; x_wconf 81' lang='grc' dir='ltr'><strong><em>ὅσων</em></strong></span> <span class='ocrx_word' id='word_1_25' title='bbox 380 980 521 1045; x_wconf 87' lang='grc' dir='ltr'><strong><em>δέωνται</em></strong></span> <span class='ocrx_word' id='word_1_26' title='bbox 534 973 579 1066; x_wconf 78' lang='grc' dir='ltr'><strong>μὴ</strong></span> <span class='ocrx_word' id='word_1_27' title='bbox 597 977 734 1063; x_wconf 80' lang='grc' dir='ltr'><strong><em>ἔχοντας</em></strong></span> <span class='ocrx_word' id='word_1_28' title='bbox 753 983 897 1065; x_wconf 76' lang='grc' dir='ltr'><strong><em>χρῆσθαι</em></strong></span> <span class='ocrx_word' id='word_1_29' title='bbox 919 980 975 1044; x_wconf 82' lang='grc' dir='ltr'><strong>καὶ</strong></span> <span class='ocrx_word' id='word_1_30' title='bbox 996 972 1050 1044; x_wconf 84' lang='grc' dir='ltr'><strong>διὰ</strong></span> <span class='ocrx_word' id='word_1_31' title='bbox 1070 982 1176 1044; x_wconf 81' lang='grc' dir='ltr'><strong><em>ταῦτα</em></strong></span> <span class='ocrx_word' id='word_1_32' title='bbox 1199 1016 1235 1025; x_wconf 94' lang='grc'>-</span> <span class='ocrx_word' id='word_1_33' title='bbox 1258 971 1368 1043; x_wconf 77' lang='grc' dir='ltr'><strong><em>πολλὰ</em></strong></span> 
     </span>
     <span class='ocr_line' id='line_1_5' title="bbox 225 1098 1368 1197; baseline -0.004 -18"><span class='ocrx_word' id='word_1_34' title='bbox 225 1098 226 1101; x_wconf 19' lang='lat'>¹</span> <span class='ocrx_word' id='word_1_35' title='bbox 274 1103 439 1190; x_wconf 81' lang='grc' dir='ltr'><strong><em>οίνιῶντας</em></strong></span> <span class='ocrx_word' id='word_1_36' title='bbox 452 1106 531 1189; x_wconf 86' lang='grc' dir='ltr'><strong>τοὺς</strong></span> <span class='ocrx_word' id='word_1_37' title='bbox 549 1111 689 1191; x_wconf 79' lang='grc' dir='ltr'><strong><em>οἰκέτας,</em></strong></span> <span class='ocrx_word' id='word_1_38' title='bbox 712 1133 794 1197; x_wconf 88' lang='lat' dir='ltr'><strong>quae</strong></span> <span class='ocrx_word' id='word_1_39' title='bbox 815 1111 915 1176; x_wconf 88' lang='lat' dir='ltr'><strong>verba</strong></span> <span class='ocrx_word' id='word_1_40' title='bbox 935 1111 1080 1176; x_wconf 81' lang='lat' dir='ltr'><strong>nostram</strong></span> <span class='ocrx_word' id='word_1_41' title='bbox 1101 1110 1141 1175; x_wconf 91' lang='lat' dir='ltr'><strong>de</strong></span> <span class='ocrx_word' id='word_1_42' title='bbox 1162 1110 1315 1176; x_wconf 78' lang='grc' dir='ltr'><strong><em>ἐπίπλων</em></strong></span> <span class='ocrx_word' id='word_1_43' title='bbox 1335 1113 1368 1175; x_wconf 92' lang='lat' dir='ltr'><strong>vi</strong></span> 
     </span>
     <span class='ocr_line' id='line_1_6' title="bbox 275 1245 1368 1331; baseline -0.001 -21"><span class='ocrx_word' id='word_1_44' title='bbox 275 1248 469 1311; x_wconf 82' lang='lat' dir='ltr'><strong>sententiam</strong></span> <span class='ocrx_word' id='word_1_45' title='bbox 489 1245 718 1331; x_wconf 80' lang='lat' dir='ltr'><strong>comprobant,</strong></span> <span class='ocrx_word' id='word_1_46' title='bbox 748 1246 898 1330; x_wconf 84' lang='lat' dir='ltr'><strong>quoniam</strong></span> <span class='ocrx_word' id='word_1_47' title='bbox 920 1245 1045 1308; x_wconf 86' lang='lat' dir='ltr'><strong>iliorum</strong></span> <span class='ocrx_word' id='word_1_48' title='bbox 1068 1245 1368 1309; x_wconf 79' lang='lat' dir='ltr'><strong>commemoratione</strong></span> 
     </span>
     <span class='ocr_line' id='line_1_7' title="bbox 274 1362 1366 1466; baseline -0.002 -23"><span class='ocrx_word' id='word_1_49' title='bbox 274 1379 361 1444; x_wconf 83' lang='lat' dir='ltr'><strong>facta</strong></span> <span class='ocrx_word' id='word_1_50' title='bbox 388 1381 559 1466; x_wconf 87' lang='lat' dir='ltr'><strong>separatim</strong></span> <span class='ocrx_word' id='word_1_51' title='bbox 591 1379 675 1443; x_wconf 88' lang='lat' dir='ltr'><strong>servi</strong></span> <span class='ocrx_word' id='word_1_52' title='bbox 703 1379 918 1442; x_wconf 88' lang='lat' dir='ltr'><strong>nominantur.</strong></span> <span class='ocrx_word' id='word_1_53' title='bbox 961 1376 1087 1442; x_wconf 87' lang='lat' dir='ltr'><strong>Ibidem</strong></span> <span class='ocrx_word' id='word_1_54' title='bbox 1114 1375 1166 1441; x_wconf 90' lang='lat' dir='ltr'><strong>IX</strong></span> <span class='ocrx_word' id='word_1_55' title='bbox 1197 1381 1217 1459; x_wconf 64' lang='grc' dir='ltr'>ξ</span> <span class='ocrx_word' id='word_1_56' title='bbox 1247 1376 1318 1463; x_wconf 74' lang='lat' dir='ltr'><strong>tq.</strong></span> <span class='ocrx_word' id='word_1_57' title='bbox 1342 1362 1366 1441; x_wconf 74' lang='lat' dir='ltr'><strong>s.</strong></span> 
     </span>
     <span class='ocr_line' id='line_1_8' title="bbox 275 1509 1367 1598; baseline -0.002 -22"><span class='ocrx_word' id='word_1_58' title='bbox 275 1514 382 1576; x_wconf 89' lang='lat' dir='ltr'><strong>omnia</strong></span> <span class='ocrx_word' id='word_1_59' title='bbox 395 1534 477 1598; x_wconf 89' lang='lat' dir='ltr'><strong>quae</strong></span> <span class='ocrx_word' id='word_1_60' title='bbox 498 1511 671 1577; x_wconf 85' lang='lat' dir='ltr'><strong>seeundum</strong></span> <span class='ocrx_word' id='word_1_61' title='bbox 686 1510 937 1597; x_wconf 85' lang='lat' dir='ltr'><strong>Xenophontem</strong></span> <span class='ocrx_word' id='word_1_62' title='bbox 959 1509 1112 1576; x_wconf 76' lang='grc' dir='ltr'><strong><em>ἐπίπλων</em></strong></span> <span class='ocrx_word' id='word_1_63' title='bbox 1132 1512 1262 1575; x_wconf 90' lang='lat' dir='ltr'><strong>nomine</strong></span> <span class='ocrx_word' id='word_1_64' title='bbox 1284 1531 1367 1573; x_wconf 89' lang='lat' dir='ltr'><strong>oom-</strong></span> 
     </span>
     <span class='ocr_line' id='line_1_9' title="bbox 274 1643 1367 1730; baseline -0.003 -21"><span class='ocrx_word' id='word_1_65' title='bbox 274 1645 514 1730; x_wconf 88' lang='lat' dir='ltr'><strong>prehenduntur</strong></span> <span class='ocrx_word' id='word_1_66' title='bbox 531 1656 766 1729; x_wconf 85' lang='lat' dir='ltr'><strong>enumerantur,</strong></span> <span class='ocrx_word' id='word_1_67' title='bbox 789 1667 894 1730; x_wconf 90' lang='lat' dir='ltr'><strong>neque</strong></span> <span class='ocrx_word' id='word_1_68' title='bbox 915 1655 1023 1708; x_wconf 86' lang='lat' dir='ltr'><strong>tamen</strong></span> <span class='ocrx_word' id='word_1_69' title='bbox 1044 1643 1182 1729; x_wconf 74' lang='grc' dir='ltr'><strong><em>ἐγγείοις</em></strong></span> <span class='ocrx_word' id='word_1_70' title='bbox 1204 1665 1367 1728; x_wconf 87' lang='lat' dir='ltr'><strong>opponun-</strong></span> 
     </span>
     <span class='ocr_line' id='line_1_10' title="bbox 274 1775 1368 1863; baseline -0.002 -19"><span class='ocrx_word' id='word_1_71' title='bbox 274 1789 343 1862; x_wconf 81' lang='lat' dir='ltr'><strong>tur3</strong></span> <span class='ocrx_word' id='word_1_72' title='bbox 365 1800 469 1863; x_wconf 90' lang='lat' dir='ltr'><strong>neque</strong></span> <span class='ocrx_word' id='word_1_73' title='bbox 483 1780 586 1862; x_wconf 84' lang='lat' dir='ltr'><strong>magis</strong></span> <span class='ocrx_word' id='word_1_74' title='bbox 601 1777 641 1843; x_wconf 92' lang='lat' dir='ltr'><strong>de</strong></span> <span class='ocrx_word' id='word_1_75' title='bbox 655 1778 771 1862; x_wconf 85' lang='lat' dir='ltr'><strong>veetig.</strong></span> <span class='ocrx_word' id='word_1_76' title='bbox 787 1776 838 1841; x_wconf 89' lang='lat' dir='ltr'><strong>IV</strong></span> <span class='ocrx_word' id='word_1_77' title='bbox 852 1780 872 1858; x_wconf 62' lang='grc' dir='ltr'><strong>ξ</strong></span> <span class='ocrx_word' id='word_1_78' title='bbox 886 1779 904 1841; x_wconf 80' lang='lat'><strong>7</strong></span> <span class='ocrx_word' id='word_1_79' title='bbox 920 1775 1073 1843; x_wconf 75' lang='grc' dir='ltr'><strong><em>ἐπίπλων</em></strong></span> <span class='ocrx_word' id='word_1_80' title='bbox 1088 1786 1136 1840; x_wconf 88' lang='lat' dir='ltr'><strong>est</strong></span> <span class='ocrx_word' id='word_1_81' title='bbox 1152 1788 1184 1841; x_wconf 87' lang='lat' dir='ltr'><strong>et</strong></span> <span class='ocrx_word' id='word_1_82' title='bbox 1197 1775 1368 1842; x_wconf 87' lang='lat' dir='ltr'><strong>fundorum</strong></span> 
     </span>
     <span class='ocr_line' id='line_1_11' title="bbox 275 1909 1367 1998; baseline 0 -23"><span class='ocrx_word' id='word_1_83' title='bbox 275 1913 432 1998; x_wconf 84' lang='lat' dir='ltr'><strong>oppositio</strong></span> <span class='ocrx_word' id='word_1_84' title='bbox 473 1911 529 1976; x_wconf 88' lang='lat' dir='ltr'><strong>sed</strong></span> <span class='ocrx_word' id='word_1_85' title='bbox 565 1934 585 1975; x_wconf 88' lang='lat' dir='ltr'><strong>a</strong></span> <span class='ocrx_word' id='word_1_86' title='bbox 618 1912 761 1996; x_wconf 83' lang='lat' dir='ltr'><strong>pecuniis</strong></span> <span class='ocrx_word' id='word_1_87' title='bbox 789 1911 843 1975; x_wconf 87' lang='lat' dir='ltr'><strong>illa</strong></span> <span class='ocrx_word' id='word_1_88' title='bbox 871 1909 1119 1994; x_wconf 85' lang='lat' dir='ltr'><strong>distinguuntur.</strong></span> <span class='ocrx_word' id='word_1_89' title='bbox 1169 1911 1367 1995; x_wconf 87' lang='lat' dir='ltr'><strong>Ampliorem</strong></span> 
     </span>
     <span class='ocr_line' id='line_1_12' title="bbox 273 2041 1367 2130; baseline -0.005 -20"><span class='ocrx_word' id='word_1_90' title='bbox 273 2054 381 2110; x_wconf 89' lang='lat' dir='ltr'><strong>autem</strong></span> <span class='ocrx_word' id='word_1_91' title='bbox 410 2064 507 2130; x_wconf 87' lang='lat' dir='ltr'><strong>quam</strong></span> <span class='ocrx_word' id='word_1_92' title='bbox 535 2043 580 2106; x_wconf 92' lang='lat' dir='ltr'><strong>illi</strong></span> <span class='ocrx_word' id='word_1_93' title='bbox 602 2065 683 2107; x_wconf 88' lang='lat' dir='ltr'><strong>unus</strong></span> <span class='ocrx_word' id='word_1_94' title='bbox 704 2041 788 2127; x_wconf 88' lang='lat' dir='ltr'><strong>apud</strong></span> <span class='ocrx_word' id='word_1_95' title='bbox 812 2041 1062 2127; x_wconf 86' lang='lat' dir='ltr'><strong>Xenophontem</strong></span> <span class='ocrx_word' id='word_1_96' title='bbox 1083 2041 1186 2124; x_wconf 84' lang='lat' dir='ltr'><strong>loeus,</strong></span> <span class='ocrx_word' id='word_1_97' title='bbox 1220 2042 1367 2107; x_wconf 84' lang='lat' dir='ltr'><strong>Convivii</strong></span> 
     </span>
    </p>
   </div>
   <div class='ocr_carea' id='block_1_4' title="bbox 273 2173 1366 2263">
    <p class='ocr_par' dir='ltr' id='par_1_4' title="bbox 273 2173 1366 2263">
     <span class='ocr_line' id='line_1_13' title="bbox 273 2173 1366 2263; baseline -0.006 -19"><span class='ocrx_word' id='word_1_98' title='bbox 273 2178 322 2244; x_wconf 91' lang='lat' dir='ltr'><strong>IV</strong></span> <span class='ocrx_word' id='word_1_99' title='bbox 344 2180 364 2258; x_wconf 62' lang='grc' dir='ltr'>ὅ</span> <span class='ocrx_word' id='word_1_100' title='bbox 385 2179 435 2262; x_wconf 88' lang='grc'><strong>31,</strong></span> <span class='ocrx_word' id='word_1_101' title='bbox 458 2177 703 2263; x_wconf 84' lang='lat' dir='ltr'><strong>explicationem</strong></span> <span class='ocrx_word' id='word_1_102' title='bbox 730 2174 899 2241; x_wconf 83' lang='lat' dir='ltr'><strong>desiderat.</strong></span> <span class='ocrx_word' id='word_1_103' title='bbox 942 2173 993 2238; x_wconf 89' lang='lat' dir='ltr'><strong>Ibi</strong></span> <span class='ocrx_word' id='word_1_104' title='bbox 1023 2176 1108 2238; x_wconf 88' lang='lat' dir='ltr'><strong>enim</strong></span> <span class='ocrx_word' id='word_1_105' title='bbox 1130 2195 1201 2238; x_wconf 90' lang='lat' dir='ltr'><strong>eum</strong></span> <span class='ocrx_word' id='word_1_106' title='bbox 1223 2173 1366 2239; x_wconf 80' lang='lat' dir='ltr'><strong>Charmi-</strong></span> 
     </span>
    </p>
   </div>
   <div class='ocr_carea' id='block_1_5' title="bbox 273 2300 1368 2397">
    <p class='ocr_par' dir='ltr' id='par_1_5' title="bbox 273 2300 1368 2397">
     <span class='ocr_line' id='line_1_14' title="bbox 273 2300 1368 2397; baseline -0.004 -21"><span class='ocrx_word' id='word_1_107' title='bbox 273 2311 329 2376; x_wconf 89' lang='lat' dir='ltr'><strong>des</strong></span> <span class='ocrx_word' id='word_1_108' title='bbox 361 2312 546 2397; x_wconf 88' lang='lat' dir='ltr'><strong>pauperiem</strong></span> <span class='ocrx_word' id='word_1_109' title='bbox 572 2309 719 2377; x_wconf 86' lang='lat' dir='ltr'><strong>laudibus</strong></span> <span class='ocrx_word' id='word_1_110' title='bbox 748 2309 860 2373; x_wconf 86' lang='lat' dir='ltr'><strong>efferat</strong></span> <span class='ocrx_word' id='word_1_111' title='bbox 888 2306 995 2372; x_wconf 88' lang='lat' dir='ltr'><strong>verbis</strong></span> <span class='ocrx_word' id='word_1_112' title='bbox 1023 2312 1084 2372; x_wconf 86' lang='grc' dir='ltr'><strong>νῦν</strong></span> <span class='ocrx_word' id='word_1_113' title='bbox 1105 2306 1141 2374; x_wconf 77' lang='grc' dir='ltr'><strong>δὲ</strong></span> <span class='ocrx_word' id='word_1_114' title='bbox 1163 2300 1277 2393; x_wconf 78' lang='grc' dir='ltr'><strong><em>ἐπειδὴ</em></strong></span> <span class='ocrx_word' id='word_1_115' title='bbox 1298 2311 1368 2373; x_wconf 82' lang='grc' dir='ltr'><strong>τῶν</strong></span> 
     </span>
    </p>
   </div>
   <div class='ocr_carea' id='block_1_6' title="bbox 271 2431 1372 4258">
    <p class='ocr_par' dir='ltr' id='par_1_6' title="bbox 271 2431 1372 4258">
     <span class='ocr_line' id='line_1_15' title="bbox 271 2431 1366 2531; baseline -0.003 -21"><span class='ocrx_word' id='word_1_116' title='bbox 271 2434 464 2531; x_wconf 77' lang='grc' dir='ltr'><strong><em>ὑπερορίων</em></strong></span> <span class='ocrx_word' id='word_1_117' title='bbox 491 2443 649 2530; x_wconf 81' lang='grc' dir='ltr'><strong><em>στέρομαι</em></strong></span> <span class='ocrx_word' id='word_1_118' title='bbox 676 2444 732 2508; x_wconf 87' lang='grc' dir='ltr'><strong>καὶ</strong></span> <span class='ocrx_word' id='word_1_119' title='bbox 762 2436 805 2509; x_wconf 81' lang='grc' dir='ltr'><strong>τὰ</strong></span> <span class='ocrx_word' id='word_1_120' title='bbox 838 2440 945 2527; x_wconf 78' lang='grc' dir='ltr'><strong><em>ἔγγειοι</em></strong></span> <span class='ocrx_word' id='word_1_121' title='bbox 975 2431 1015 2508; x_wconf 87' lang='grc' dir='ltr'><strong>ού</strong></span> <span class='ocrx_word' id='word_1_122' title='bbox 1036 2445 1227 2528; x_wconf 80' lang='grc' dir='ltr'><strong><em>καρποῦμαι</em></strong></span> <span class='ocrx_word' id='word_1_123' title='bbox 1247 2443 1304 2508; x_wconf 82' lang='grc' dir='ltr'><strong>καὶ</strong></span> <span class='ocrx_word' id='word_1_124' title='bbox 1324 2435 1366 2508; x_wconf 80' lang='grc' dir='ltr'><strong>τὰ</strong></span> 
     </span>
     <span class='ocr_line' id='line_1_16' title="bbox 271 2565 1365 2662; baseline -0.003 -19"><span class='ocrx_word' id='word_1_125' title='bbox 271 2576 310 2643; x_wconf 80' lang='grc' dir='ltr'><strong>ἐκ</strong></span> <span class='ocrx_word' id='word_1_126' title='bbox 330 2581 388 2662; x_wconf 78' lang='grc' dir='ltr'><strong>τῆς</strong></span> <span class='ocrx_word' id='word_1_127' title='bbox 409 2575 515 2652; x_wconf 87' lang='grc' dir='ltr'><strong><em>οἰκίας</em></strong></span> <span class='ocrx_word' id='word_1_128' title='bbox 536 2575 720 2661; x_wconf 82' lang='grc' dir='ltr'><strong><em>πέπραται,</em></strong></span> <span class='ocrx_word' id='word_1_129' title='bbox 750 2565 855 2661; x_wconf 73' lang='grc' dir='ltr'><strong><em>ἡδέως</em></strong></span> <span class='ocrx_word' id='word_1_130' title='bbox 876 2575 937 2661; x_wconf 79' lang='grc' dir='ltr'><strong>μὲν</strong></span> <span class='ocrx_word' id='word_1_131' title='bbox 958 2570 1117 2642; x_wconf 80' lang='grc' dir='ltr'><strong><em>καθεύδω</em></strong></span> <span class='ocrx_word' id='word_1_132' title='bbox 1139 2574 1365 2659; x_wconf 84' lang='grc' dir='ltr'><strong><em>έκτεταμένος,</em></strong></span> 
     </span>
     <span class='ocr_line' id='line_1_17' title="bbox 272 2699 1368 2797; baseline -0.001 -22"><span class='ocrx_word' id='word_1_133' title='bbox 272 2733 467 2797; x_wconf 88' lang='lat' dir='ltr'><strong>quamquam</strong></span> <span class='ocrx_word' id='word_1_134' title='bbox 496 2732 564 2776; x_wconf 88' lang='lat' dir='ltr'><strong>rem</strong></span> <span class='ocrx_word' id='word_1_135' title='bbox 586 2732 676 2774; x_wconf 90' lang='lat' dir='ltr'><strong>suam</strong></span> <span class='ocrx_word' id='word_1_136' title='bbox 698 2709 886 2775; x_wconf 86' lang='lat' dir='ltr'><strong>familiarem</strong></span> <span class='ocrx_word' id='word_1_137' title='bbox 908 2708 1022 2774; x_wconf 89' lang='lat' dir='ltr'><strong>dividit</strong></span> <span class='ocrx_word' id='word_1_138' title='bbox 1043 2711 1077 2774; x_wconf 91' lang='lat' dir='ltr'><strong>in</strong></span> <span class='ocrx_word' id='word_1_139' title='bbox 1098 2709 1184 2773; x_wconf 88' lang='lat' dir='ltr'><strong>bona</strong></span> <span class='ocrx_word' id='word_1_140' title='bbox 1203 2699 1368 2795; x_wconf 84' lang='grc' dir='ltr'><strong><em>ὑπερόρια</em></strong></span> 
     </span>
     <span class='ocr_line' id='line_1_18' title="bbox 273 2835 1369 2927; baseline 0 -19"><span class='ocrx_word' id='word_1_141' title='bbox 273 2853 304 2908; x_wconf 92' lang='lat' dir='ltr'><strong>et</strong></span> <span class='ocrx_word' id='word_1_142' title='bbox 333 2844 418 2908; x_wconf 90' lang='lat' dir='ltr'><strong>bona</strong></span> <span class='ocrx_word' id='word_1_143' title='bbox 448 2840 556 2927; x_wconf 84' lang='grc' dir='ltr'><strong><em>ίγγεια</em></strong></span> <span class='ocrx_word' id='word_1_144' title='bbox 584 2842 791 2910; x_wconf 86' lang='lat' dir='ltr'><strong>-similiter</strong></span> <span class='ocrx_word' id='word_1_145' title='bbox 812 2841 991 2907; x_wconf 82' lang='lat' dir='ltr'><strong>Comment.</strong></span> <span class='ocrx_word' id='word_1_146' title='bbox 1020 2841 1057 2907; x_wconf 93' lang='grc' dir='ltr'>Π</span> <span class='ocrx_word' id='word_1_147' title='bbox 1084 2865 1110 2905; x_wconf 90' lang='lat' dir='ltr'><strong>e.</strong></span> <span class='ocrx_word' id='word_1_148' title='bbox 1132 2843 1152 2907; x_wconf 82' lang='lat'>8</span> <span class='ocrx_word' id='word_1_149' title='bbox 1175 2846 1195 2924; x_wconf 67' lang='grc' dir='ltr'>ἓ</span> <span class='ocrx_word' id='word_1_150' title='bbox 1219 2835 1309 2927; x_wconf 86' lang='grc' dir='ltr'><strong>1,τά</strong></span> <span class='ocrx_word' id='word_1_151' title='bbox 1331 2841 1369 2908; x_wconf 84' lang='grc' dir='ltr'><strong><em>έν</em></strong></span> 
     </span>
     <span class='ocr_line' id='line_1_19' title="bbox 271 2965 1368 3065; baseline -0.003 -22"><span class='ocrx_word' id='word_1_152' title='bbox 271 2980 313 3061; x_wconf 72' lang='grc' dir='ltr'><strong>τῇ</strong></span> <span class='ocrx_word' id='word_1_153' title='bbox 343 2965 506 3065; x_wconf 77' lang='grc' dir='ltr'><strong><em>ὑπερορίᾳ</em></strong></span> <span class='ocrx_word' id='word_1_154' title='bbox 533 2968 684 3060; x_wconf 80' lang='grc' dir='ltr'><strong><em>κτήματα</em></strong></span> <span class='ocrx_word' id='word_1_155' title='bbox 713 2985 917 3061; x_wconf 91' lang='lat' dir='ltr'><strong>opponuntur</strong></span> <span class='ocrx_word' id='word_1_156' title='bbox 946 2976 984 3040; x_wconf 90' lang='lat' dir='ltr'><strong>iis</strong></span> <span class='ocrx_word' id='word_1_157' title='bbox 1014 2974 1106 3040; x_wconf 85' lang='lat' dir='ltr'><strong>bonis</strong></span> <span class='ocrx_word' id='word_1_158' title='bbox 1139 2997 1221 3061; x_wconf 84' lang='lat' dir='ltr'><strong>quae</strong></span> <span class='ocrx_word' id='word_1_159' title='bbox 1243 2976 1313 3060; x_wconf 87' lang='lat' dir='ltr'><strong>quis</strong></span> <span class='ocrx_word' id='word_1_160' title='bbox 1335 2977 1368 3041; x_wconf 91' lang='lat' dir='ltr'><strong>in</strong></span> 
     </span>
     <span class='ocr_line' id='line_1_20' title="bbox 272 3102 1369 3194; baseline 0.001 -21"><span class='ocrx_word' id='word_1_161' title='bbox 272 3109 384 3173; x_wconf 80' lang='lat' dir='ltr'><strong>Attica</strong></span> <span class='ocrx_word' id='word_1_162' title='bbox 412 3108 555 3194; x_wconf 85' lang='lat' dir='ltr'><strong>possidet</strong></span> <span class='ocrx_word' id='word_1_163' title='bbox 586 3146 627 3155; x_wconf 89' lang='lat'><em>-</em></span> <span class='ocrx_word' id='word_1_164' title='bbox 649 3117 757 3173; x_wconf 88' lang='lat' dir='ltr'><strong>tamen</strong></span> <span class='ocrx_word' id='word_1_165' title='bbox 778 3108 877 3173; x_wconf 90' lang='lat' dir='ltr'><strong>verbo</strong></span> <span class='ocrx_word' id='word_1_166' title='bbox 899 3102 941 3174; x_wconf 83' lang='grc' dir='ltr'><strong>τὰ</strong></span> <span class='ocrx_word' id='word_1_167' title='bbox 966 3107 1073 3193; x_wconf 85' lang='grc' dir='ltr'><strong><em>έγγεια</em></strong></span> <span class='ocrx_word' id='word_1_168' title='bbox 1095 3106 1279 3193; x_wconf 83' lang='lat' dir='ltr'><strong>adiungitur</strong></span> <span class='ocrx_word' id='word_1_169' title='bbox 1299 3131 1369 3174; x_wconf 87' lang='lat' dir='ltr'><strong>sen·</strong></span> 
     </span>
     <span class='ocr_line' id='line_1_21' title="bbox 274 3235 1370 3327; baseline 0.001 -21"><span class='ocrx_word' id='word_1_170' title='bbox 274 3243 375 3307; x_wconf 87' lang='lat' dir='ltr'><strong>tentia</strong></span> <span class='ocrx_word' id='word_1_171' title='bbox 395 3243 451 3308; x_wconf 82' lang='grc' dir='ltr'><strong>καὶ</strong></span> <span class='ocrx_word' id='word_1_172' title='bbox 476 3235 518 3307; x_wconf 83' lang='grc' dir='ltr'><strong>τὰ</strong></span> <span class='ocrx_word' id='word_1_173' title='bbox 540 3241 578 3307; x_wconf 80' lang='grc' dir='ltr'><strong>ἐκ</strong></span> <span class='ocrx_word' id='word_1_174' title='bbox 597 3246 656 3327; x_wconf 81' lang='grc' dir='ltr'><strong>τῆς</strong></span> <span class='ocrx_word' id='word_1_175' title='bbox 677 3241 784 3318; x_wconf 87' lang='grc' dir='ltr'><strong><em>οίκίας</em></strong></span> <span class='ocrx_word' id='word_1_176' title='bbox 805 3242 983 3326; x_wconf 87' lang='grc' dir='ltr'><strong><em>πέπραται.</em></strong></span> <span class='ocrx_word' id='word_1_177' title='bbox 1027 3240 1141 3327; x_wconf 87' lang='lat' dir='ltr'><strong>Neque</strong></span> <span class='ocrx_word' id='word_1_178' title='bbox 1162 3253 1269 3308; x_wconf 89' lang='lat' dir='ltr'><strong>tamen</strong></span> <span class='ocrx_word' id='word_1_179' title='bbox 1289 3242 1370 3307; x_wconf 87' lang='lat' dir='ltr'><strong>haee</strong></span> 
     </span>
     <span class='ocr_line' id='line_1_22' title="bbox 273 3373 1370 3459; baseline 0.002 -22"><span class='ocrx_word' id='word_1_180' title='bbox 273 3373 372 3439; x_wconf 86' lang='lat' dir='ltr'><strong>verba</strong></span> <span class='ocrx_word' id='word_1_181' title='bbox 407 3382 569 3459; x_wconf 86' lang='lat' dir='ltr'><strong>tamquam</strong></span> <span class='ocrx_word' id='word_1_182' title='bbox 600 3373 722 3439; x_wconf 87' lang='lat' dir='ltr'><strong>librarii</strong></span> <span class='ocrx_word' id='word_1_183' title='bbox 754 3373 918 3439; x_wconf 88' lang='lat' dir='ltr'><strong>cuiusdam</strong></span> <span class='ocrx_word' id='word_1_184' title='bbox 950 3373 1202 3439; x_wconf 84' lang='lat' dir='ltr'><strong>additamentum</strong></span> <span class='ocrx_word' id='word_1_185' title='bbox 1232 3398 1249 3438; x_wconf 89' lang='lat' dir='ltr'><strong>e</strong></span> <span class='ocrx_word' id='word_1_186' title='bbox 1278 3386 1370 3440; x_wconf 87' lang='lat' dir='ltr'><strong>textu</strong></span> 
     </span>
     <span class='ocr_line' id='line_1_23' title="bbox 273 3489 1369 3595; baseline 0.002 -24"><span class='ocrx_word' id='word_1_187' title='bbox 273 3527 438 3572; x_wconf 89' lang='lat' dir='ltr'><strong>removere</strong></span> <span class='ocrx_word' id='word_1_188' title='bbox 470 3508 588 3592; x_wconf 85' lang='lat' dir='ltr'><strong>audeo,</strong></span> <span class='ocrx_word' id='word_1_189' title='bbox 617 3510 693 3594; x_wconf 88' lang='lat' dir='ltr'><strong>quia</strong></span> <span class='ocrx_word' id='word_1_190' title='bbox 721 3531 785 3595; x_wconf 87' lang='lat' dir='ltr'><strong>qua</strong></span> <span class='ocrx_word' id='word_1_191' title='bbox 805 3531 841 3574; x_wconf 90' lang='lat' dir='ltr'><strong>re</strong></span> <span class='ocrx_word' id='word_1_192' title='bbox 861 3509 915 3574; x_wconf 91' lang='lat' dir='ltr'><strong>ille</strong></span> <span class='ocrx_word' id='word_1_193' title='bbox 936 3531 974 3573; x_wconf 85' lang='lat' dir='ltr'><strong>ea</strong></span> <span class='ocrx_word' id='word_1_194' title='bbox 995 3489 1155 3575; x_wconf 87' lang='lat' dir='ltr'><strong>addiderit</strong></span> <span class='ocrx_word' id='word_1_195' title='bbox 1174 3531 1239 3573; x_wconf 92' lang='lat' dir='ltr'><strong>non</strong></span> <span class='ocrx_word' id='word_1_196' title='bbox 1260 3509 1369 3595; x_wconf 88' lang='lat' dir='ltr'><strong>liquet.</strong></span> 
     </span>
     <span class='ocr_line' id='line_1_24' title="bbox 274 3633 1370 3729; baseline 0.001 -24"><span class='ocrx_word' id='word_1_197' title='bbox 274 3640 388 3706; x_wconf 85' lang='lat' dir='ltr'><strong>Restat</strong></span> <span class='ocrx_word' id='word_1_198' title='bbox 416 3650 558 3725; x_wconf 86' lang='lat' dir='ltr'><strong>tantum,</strong></span> <span class='ocrx_word' id='word_1_199' title='bbox 588 3652 625 3706; x_wconf 88' lang='lat' dir='ltr'><strong>ut</strong></span> <span class='ocrx_word' id='word_1_200' title='bbox 654 3652 686 3707; x_wconf 91' lang='lat' dir='ltr'><strong>et</strong></span> <span class='ocrx_word' id='word_1_201' title='bbox 716 3642 757 3707; x_wconf 94' lang='lat' dir='ltr'><strong>ad</strong></span> <span class='ocrx_word' id='word_1_202' title='bbox 778 3645 848 3707; x_wconf 79' lang='grc' dir='ltr'><strong>τῶν</strong></span> <span class='ocrx_word' id='word_1_203' title='bbox 867 3633 1059 3729; x_wconf 87' lang='grc' dir='ltr'><strong><em>ὑπερορίων</em></strong></span> <span class='ocrx_word' id='word_1_204' title='bbox 1080 3652 1112 3708; x_wconf 88' lang='lat' dir='ltr'><strong>et</strong></span> <span class='ocrx_word' id='word_1_205' title='bbox 1136 3642 1177 3707; x_wconf 83' lang='lat' dir='ltr'><strong>ad</strong></span> <span class='ocrx_word' id='word_1_206' title='bbox 1198 3636 1241 3708; x_wconf 84' lang='grc' dir='ltr'><strong>τὰ</strong></span> <span class='ocrx_word' id='word_1_207' title='bbox 1263 3640 1370 3728; x_wconf 83' lang='grc' dir='ltr'><strong><em>έγγεια</em></strong></span> 
     </span>
     <span class='ocr_line' id='line_1_25' title="bbox 274 3774 1372 3860; baseline 0.004 -24"><span class='ocrx_word' id='word_1_208' title='bbox 274 3795 386 3839; x_wconf 85' lang='lat' dir='ltr'><strong>voeem</strong></span> <span class='ocrx_word' id='word_1_209' title='bbox 411 3775 517 3860; x_wconf 87' lang='grc' dir='ltr'><strong><em>χωρία</em></strong></span> <span class='ocrx_word' id='word_1_210' title='bbox 554 3775 775 3860; x_wconf 81' lang='lat' dir='ltr'><strong>suppleamus,</strong></span> <span class='ocrx_word' id='word_1_211' title='bbox 813 3797 875 3860; x_wconf 90' lang='lat' dir='ltr'><strong>quo</strong></span> <span class='ocrx_word' id='word_1_212' title='bbox 905 3775 990 3840; x_wconf 82' lang='lat' dir='ltr'><strong>facto</strong></span> <span class='ocrx_word' id='word_1_213' title='bbox 1021 3775 1100 3840; x_wconf 90' lang='lat' dir='ltr'><strong>haee</strong></span> <span class='ocrx_word' id='word_1_214' title='bbox 1128 3774 1228 3840; x_wconf 85' lang='lat' dir='ltr'><strong>verba</strong></span> <span class='ocrx_word' id='word_1_215' title='bbox 1254 3774 1372 3840; x_wconf 83' lang='lat' dir='ltr'><strong>Latina</strong></span> 
     </span>
     <span class='ocr_line' id='line_1_26' title="bbox 274 3905 1370 3993; baseline 0.002 -24"><span class='ocrx_word' id='word_1_216' title='bbox 274 3906 384 3990; x_wconf 88' lang='lat' dir='ltr'><strong>lingua</strong></span> <span class='ocrx_word' id='word_1_217' title='bbox 412 3907 459 3970; x_wconf 83' lang='lat' dir='ltr'><strong>ita</strong></span> <span class='ocrx_word' id='word_1_218' title='bbox 485 3905 554 3971; x_wconf 87' lang='lat' dir='ltr'><strong>fere</strong></span> <span class='ocrx_word' id='word_1_219' title='bbox 582 3908 717 3992; x_wconf 85' lang='lat' dir='ltr'><strong>exprimi</strong></span> <span class='ocrx_word' id='word_1_220' title='bbox 738 3917 902 3993; x_wconf 89' lang='lat' dir='ltr'><strong>possunt:</strong></span> <span class='ocrx_word' id='word_1_221' title='bbox 928 3906 1042 3992; x_wconf 82' lang='lat' dir='ltr'><strong>„Nune</strong></span> <span class='ocrx_word' id='word_1_222' title='bbox 1063 3916 1169 3972; x_wconf 89' lang='lat' dir='ltr'><strong>autem</strong></span> <span class='ocrx_word' id='word_1_223' title='bbox 1191 3929 1263 3972; x_wconf 86' lang='lat' dir='ltr'><strong>oum</strong></span> <span class='ocrx_word' id='word_1_224' title='bbox 1284 3909 1370 3993; x_wconf 81' lang='lat' dir='ltr'><strong>agris</strong></span> 
     </span>
     <span class='ocr_line' id='line_1_27' title="bbox 274 4039 1371 4127; baseline 0.002 -25"><span class='ocrx_word' id='word_1_225' title='bbox 274 4040 353 4103; x_wconf 91' lang='lat' dir='ltr'><strong>meis</strong></span> <span class='ocrx_word' id='word_1_226' title='bbox 383 4048 416 4105; x_wconf 87' lang='lat' dir='ltr'><strong>et</strong></span> <span class='ocrx_word' id='word_1_227' title='bbox 444 4040 482 4104; x_wconf 89' lang='lat' dir='ltr'><strong>iis</strong></span> <span class='ocrx_word' id='word_1_228' title='bbox 512 4060 592 4124; x_wconf 86' lang='lat' dir='ltr'><strong>quos</strong></span> <span class='ocrx_word' id='word_1_229' title='bbox 621 4049 713 4104; x_wconf 87' lang='lat' dir='ltr'><strong>extra</strong></span> <span class='ocrx_word' id='word_1_230' title='bbox 734 4040 865 4106; x_wconf 86' lang='lat' dir='ltr'><strong>Attioae</strong></span> <span class='ocrx_word' id='word_1_231' title='bbox 894 4039 973 4105; x_wconf 90' lang='lat' dir='ltr'><strong>fines</strong></span> <span class='ocrx_word' id='word_1_232' title='bbox 1003 4039 1160 4104; x_wconf 87' lang='lat' dir='ltr'><strong>habebam</strong></span> <span class='ocrx_word' id='word_1_233' title='bbox 1183 4050 1215 4106; x_wconf 88' lang='lat' dir='ltr'><strong>et</strong></span> <span class='ocrx_word' id='word_1_234' title='bbox 1237 4063 1316 4127; x_wconf 90' lang='lat' dir='ltr'><strong>quos</strong></span> <span class='ocrx_word' id='word_1_235' title='bbox 1337 4042 1371 4105; x_wconf 87' lang='lat' dir='ltr'><strong>in</strong></span> 
     </span>
     <span class='ocr_line' id='line_1_28' title="bbox 277 4169 1372 4258; baseline 0.003 -24"><span class='ocrx_word' id='word_1_236' title='bbox 277 4169 390 4236; x_wconf 77' lang='lat' dir='ltr'><strong>Attica</strong></span> <span class='ocrx_word' id='word_1_237' title='bbox 403 4171 475 4256; x_wconf 84' lang='lat' dir='ltr'><strong>ipsa</strong></span> <span class='ocrx_word' id='word_1_238' title='bbox 489 4170 631 4236; x_wconf 83' lang='lat' dir='ltr'><strong>colebam</strong></span> <span class='ocrx_word' id='word_1_239' title='bbox 644 4173 789 4258; x_wconf 86' lang='lat' dir='ltr'><strong>privatus</strong></span> <span class='ocrx_word' id='word_1_240' title='bbox 811 4174 881 4256; x_wconf 82' lang='lat' dir='ltr'><strong>sim,</strong></span> <span class='ocrx_word' id='word_1_241' title='bbox 903 4197 976 4238; x_wconf 91' lang='lat' dir='ltr'><strong>eum</strong></span> <span class='ocrx_word' id='word_1_242' title='bbox 996 4175 1103 4239; x_wconf 88' lang='lat' dir='ltr'><strong>omnia</strong></span> <span class='ocrx_word' id='word_1_243' title='bbox 1124 4196 1164 4239; x_wconf 90' lang='lat' dir='ltr'><strong>ex</strong></span> <span class='ocrx_word' id='word_1_244' title='bbox 1185 4173 1279 4238; x_wconf 91' lang='lat' dir='ltr'><strong>domo</strong></span> <span class='ocrx_word' id='word_1_245' title='bbox 1300 4195 1372 4238; x_wconf 91' lang='lat' dir='ltr'><strong>mea</strong></span> 
     </span>
    </p>
   </div>
   <div class='ocr_carea' id='block_1_7' title="bbox 279 4302 1369 4391">
    <p class='ocr_par' dir='ltr' id='par_1_7' title="bbox 279 4302 1369 4391">
     <span class='ocr_line' id='line_1_29' title="bbox 279 4302 1369 4391; baseline 0.006 -27"><span class='ocrx_word' id='word_1_246' title='bbox 279 4302 488 4388; x_wconf 85' lang='lat' dir='ltr'><strong>vendiderim,</strong></span> <span class='ocrx_word' id='word_1_247' title='bbox 513 4303 601 4368; x_wconf 91' lang='lat' dir='ltr'><strong>humi</strong></span> <span class='ocrx_word' id='word_1_248' title='bbox 622 4306 729 4369; x_wconf 84' lang='lat' dir='ltr'><strong>iacens</strong></span> <span class='ocrx_word' id='word_1_249' title='bbox 751 4303 875 4370; x_wconf 87' lang='lat' dir='ltr'><strong>dulcem</strong></span> <span class='ocrx_word' id='word_1_250' title='bbox 898 4328 1027 4391; x_wconf 80' lang='lat' dir='ltr'><strong>carpere</strong></span> <span class='ocrx_word' id='word_1_251' title='bbox 1045 4327 1191 4370; x_wconf 89' lang='lat' dir='ltr'><strong>somnum</strong></span> <span class='ocrx_word' id='word_1_252' title='bbox 1210 4306 1369 4391; x_wconf 86' lang='lat' dir='ltr'><strong>possum.“</strong></span> 
     </span>
    </p>
   </div>
   <div class='ocr_carea' id='block_1_8' title="bbox 0 0 1548 4800">
    <p class='ocr_par' dir='ltr' id='par_1_8' title="bbox 0 0 1548 4800">
     <span class='ocr_line' id='line_1_30' title="bbox 0 0 1548 4800; baseline 0 0"><span class='ocrx_word' id='word_1_253' title='bbox 0 0 1548 4800; x_wconf 95' lang='lat' dir='ltr'><strong> </strong></span> 
     </span>
    </p>
   </div>
  </div>
 </body>
</html>
