3084 4800
651 532 858 599 ..ατ-

220 742 222 747 ’
289 718 380 784 Haec
393 717 491 784 habui
505 738 587 807 quae
601 714 739 781 dicerem
760 715 801 781 de
822 714 946 781 illorum
967 714 1194 780 vocabulorum
1213 709 1300 798 apud

210 853 336 918 Atticos
363 853 494 923 notione
514 862 547 918 et
567 872 636 917 usu.
679 850 845 935 Epimetro
868 851 909 914 sit
931 848 1187 937 quaestiuncula,
1217 869 1300 932 quae

208 1006 400 1073 quamquam
430 1007 494 1050 non
516 984 600 1050 idem
621 994 656 1049 at
677 983 779 1049 simile
801 994 907 1048 tamen
929 982 1046 1048 haheat
1066 991 1298 1066 argumentum.

207 1119 342 1185 Veteres
372 1120 456 1184 enim
476 1118 691 1185 Athenienses
721 1118 906 1183 distinxisse
935 1118 1020 1182 inter
1042 1115 1149 1203 ἔγγειοι
1170 1126 1203 1181 et
1222 1138 1300 1181 ναο·

207 1246 283 1318 τινὰ
315 1253 383 1318 sive
404 1247 587 1337 συμβόλαια
618 1253 686 1317 sive
705 1245 857 1338 χρήματα
878 1244 1089 1327 εἰνοτόκους
1109 1260 1220 1315 notum
1241 1259 1299 1314 est.
1382 1337 1387 1346 Ι

207 1385 323 1452 Usuris
345 1396 452 1451 autem
480 1387 646 1451 maritimis
667 1384 858 1471 pupillorum
879 1405 947 1448 rem
968 1383 1156 1448 familiarem
1177 1383 1301 1448 elocare

208 1519 366 1584 tutoribus
395 1520 600 1587 interdictum
630 1519 728 1587 fuisse
758 1539 829 1582 cum
857 1517 975 1583 dudum
997 1539 1017 1582 a
1036 1516 1200 1581 Boeokhio
1221 1516 1299 1583 Oeo.

208 1653 327 1719 Athen.
356 1651 374 1716 l
404 1673 435 1738 p.
456 1652 507 1736 89,
539 1673 633 1739 quem
654 1651 756 1717 Meier
786 1650 827 1715 de
855 1651 901 1714 lit.
923 1650 993 1716 Au.
1022 1672 1053 1735 p.
1073 1650 1144 1714 450
1164 1671 1211 1734 sq.
1233 1649 1299 1713 alii-

208 1807 270 1872 que
291 1786 418 1871 sequuti
438 1795 528 1869 sunt,
558 1786 749 1851 testimoniis
768 1785 915 1871 Lysiacis
937 1784 974 1849 et
989 1786 1023 1849 in
1044 1806 1089 1848 or.
1112 1808 1138 1848 e.
1161 1784 1257 1868 Diog.
1280 1788 1300 1866 ξ

206 1918 247 1983 25
269 1928 302 1982 et
324 1917 409 2004 apud
431 1917 564 1984 Snidam
582 1940 607 1982 s.
629 1940 660 1983 v.
684 1915 812 2003 ἔγγειον
832 1919 967 1983 servatis
987 1917 1227 2003 comprobatum
1248 1918 1300 2001 sit,

207 2049 291 2115 hanc
320 2072 423 2137 nuper
450 2052 642 2116 sententiam
673 2049 747 2115 Van
769 2049 832 2114 den
852 2050 898 2115 Es
919 2052 953 2121 in
973 2051 1080 2120 libello
1102 2071 1159 2114 suo
1181 2049 1221 2114 de
1242 2050 1300 2114 iur.

207 2184 281 2248 fam.
304 2183 389 2270 apud
417 2183 535 2248 Athen.
564 2204 595 2269 p.
627 2185 687 2250 176
705 2186 760 2249 ita
787 2174 988 2268 impugnavit
1016 2193 1052 2249 ut
1081 2181 1193 2248 iisdem
1222 2183 1300 2247 loeis

209 2318 398 2382 examinatis
431 2326 463 2381 et
484 2316 601 2382 additis
623 2317 747 2382 duobus
768 2318 839 2382 aliis
859 2317 977 2404 Lysiae
998 2341 1025 2382 c.
1047 2316 1145 2401 Diog.
1165 2320 1185 2398 ξ
1205 2315 1247 2380 23
1268 2325 1301 2380 et

207 2450 300 2515 Dem.
324 2474 350 2515 o.
372 2450 471 2516 Naus.
502 2473 532 2537 p.
555 2452 617 2516 986
638 2453 697 2532 §7
729 2461 841 2516 eontra
870 2452 995 2517 illorum
1022 2453 1163 2517 virorum
1191 2458 1298 2514 aucto-

206 2583 333 2647 ritatem
371 2584 497 2650 licuisse
532 2584 691 2649 tutoribus
729 2584 936 2650 contenderet
971 2584 1120 2649 orborum
1150 2585 1300 2669 patrimo·

207 2715 295 2779 nium
318 2717 421 2780 usuris
444 2717 540 2781 etiam
561 2719 728 2783 maritimis
755 2720 790 2783 si·
804 2718 935 2782 mallent
956 2719 1088 2785 elocare.
1132 2717 1301 2790 Profectus

208 2870 229 2912 a
250 2847 368 2933 Lysiae
397 2871 423 2912 o.
444 2849 541 2934 Diog.
571 2853 592 2931 ξ
621 2851 662 2915 23
690 2850 766 2938 ἐξῆν
791 2840 885 2937 αὐτῷ
911 2845 996 2926 κατὰ
1024 2836 1104 2927 τοὺς
1124 2844 1248 2935 νόμους
1269 2850 1303 2916 οἳ

208 2994 335 3049 κεῖνται
362 2984 439 3068 περὶ
465 2987 535 3049 τῶν
564 2972 722 3069 ὀρφανῶν
749 3021 791 3031 -
817 2989 986 3068 μισθῶσαι
1013 2978 1075 3049 τὸν
1104 2979 1200 3050 οίιιον
1219 2973 1301 3068 -ἢ

207 3119 269 3200 γῆν
296 3109 478 3202 πριάμενος
506 3115 544 3182 ἐκ
565 3120 636 3183 τῶν
662 3110 876 3203 προσιόντων
902 3110 983 3194 τοδς
1006 3118 1127 3194 παῖδας
1157 3117 1301 3202 τρέφειν,

134 3331 136 3333 ρ
209 3269 291 3333 quae
303 3249 406 3313 verba
424 3249 582 3314 tutoribus
603 3243 730 3315 licuisse
752 3249 925 3314 ostendunt
945 3260 1002 3315 aut
1021 3250 1213 3337 pupillorum
1233 3270 1302 3313 rem

209 3383 398 3448 familiarem
429 3383 552 3450 elocare
584 3394 641 3450 aut
669 3385 804 3470 pecunia
833 3384 893 3449 illis
921 3385 1033 3453 relicta
1061 3405 1157 3469 agros
1187 3404 1301 3466 emere,

209 3524 373 3599 comparat
404 3516 541 3601 primum
563 3515 657 3581 Dem.
690 3538 716 3580 c.
739 3515 937 3600 Nausim.·p.
960 3515 1021 3582 986
1043 3517 1103 3596 §7
1133 3508 1175 3581 τὰ
1195 3517 1301 3600 χωρία

209 3640 344 3724 καὶτὰς
365 3649 534 3725 συνοικίας
554 3645 713 3733 ἐπρίαντο
736 3647 769 3714 ol
790 3648 984 3734 ἐπίτροποι,
1014 3671 1096 3735 quae
1116 3648 1216 3714 verba
1236 3649 1300 3713 fao·

209 3788 278 3845 tum
291 3853 293 3856 v
306 3802 377 3845 esse
402 3801 515 3845 revera
545 3781 715 3865 aliquando
744 3781 830 3868 apud
861 3782 1075 3848 Athenienses
1105 3781 1221 3847 docent
1228 3832 1236 3865 ‚
1266 3792 1302 3847 ut

212 3920 299 3977 tutor
320 3912 469 3980 orborum
491 3914 627 3999 pecunia
647 3914 763 3979 fundos
786 3925 920 3999 emeret,
949 3937 1084 4001 quorum
1107 3915 1212 3985 reditu
1233 3916 1302 3981 illos

207 4045 325 4128 aleret,
347 4044 469 4110 ,deinde
499 4068 537 4110 se
564 4048 722 4112 convertit
748 4046 790 4113 ad
811 4048 930 4134 Lysiae
956 4071 982 4113 o.
1004 4049 1101 4133 Diog.
1129 4053 1149 4130 ξ
1177 4050 1219 4114 25
1246 4051 1302 4115 καὶ

209 4165 414 4263 ἀποπέμψας
442 4178 489 4256 εἰς
520 4172 582 4245 τὸν
608 4169 735 4267 Ἀδρίαν
763 4172 890 4247 ὁλκάδα
915 4181 1010 4247 δυοῖν
1036 4176 1217 4247 ταλάντοιν
1244 4173 1301 4248 ὅτε

208 4309 270 4394 μὲν
298 4300 514 4392 ἀπέστελλεν,
549 4310 640 4398 ἔλεγε
666 4305 752 4400 πρὸς
772 4305 835 4400 τὴν
853 4313 978 4400 μητέρα
1000 4301 1130 4394 αὐτῶν,
1158 4304 1302 4381 ὅτιτῶν
