3084 4800
697 470 903 535 ..15-

254 655 353 719 etiam
373 654 540 740 pecuniam
556 675 625 719 esse
640 654 674 717 in
688 652 844 718 tributum
866 652 1115 719 conferendam:
1138 653 1173 738 (ξ
1187 653 1221 738 3)
1244 650 1348 719 ἔπειτ’

254 775 357 864 αὐτὸς
379 777 397 853 ὃ
418 779 529 873 πατὴρ
551 780 614 872 τήν
634 787 663 852 τ’
684 777 788 872 ἀλλην
810 776 927 853 οὐσίαν
947 787 1003 852 καὶ
1026 787 1170 873 τέτταρα
1198 781 1348 854 τάλαντα

253 923 309 986 καὶ
330 922 509 1007 τρισχιλίας
530 914 675 1006 φανερὰς
696 919 852 1007 ἐποίησεν
874 929 906 985 et
928 920 962 1004 (ἓ
982 921 1017 1005 4)
1041 918 1090 986 ἐ’τι
1111 921 1147 986 δὲ
1168 923 1225 988 καὶ
1245 911 1348 999 αὐτὸς

255 1045 455 1137 Ἄφοβος-
474 1058 515 1138 τη
535 1047 634 1119 πόλει
654 1047 695 1120 τὸ
716 1058 849 1140 πλῆθος
862 1058 933 1120 τῶν
953 1054 1252 1136 καταλειφθέντων
1271 1079 1347 1142 χρη

252 1180 369 1271 μάτων
403 1184 546 1272 ἐμφανὲς
581 1180 746 1272 ἕποιὴσεν.
800 1186 969 1252 Accedunt
1000 1186 1095 1252 Dem.
1125 1210 1151 1251 o.
1179 1177 1347 1274 Aphob.I

253 1341 284 1406 p.
300 1320 361 1385 830
382 1330 415 1384 et
434 1320 493 1385 831
517 1313 616 1406 (πρὸς
638 1311 746 1402 Ἄφοβ.
769 1341 801 1405 p.
816 1319 878 1385 858
899 1323 919 1401 ὅ
940 1319 995 1404 46)
1018 1319 1073 1385 ubi
1092 1324 1202 1385 'orator
1222 1330 1348 1406 patrem

253 1475 347 1518 suum
361 1475 398 1518 eo
414 1453 586 1539 opprobrio
607 1453 744 1520 liberare
766 1463 907 1538 conatur,
931 1454 1023 1539 quasi
1044 1454 1174 1519 occultis
1196 1463 1347 1540 quattuor

253 1587 382 1652 talentis
409 1586 638 1672 rempublicam
666 1588 794 1673 privare
823 1588 976 1671 voluerit,
1006 1589 1056 1651 eui
1078 1588 1246 1673 pecuniam
1268 1589 1346 1652 satis

253 1741 408 1805 magnam
429 1721 564 1785 oratoris
579 1742 675 1784 avum
696 1719 845 1784 debuisse
855 1719 1012 1805 Aphobus
1035 1718 1196 1805 quondam
1217 1728 1346 1785 conten-

255 1851 346 1918 derat
375 1852 414 1917 cf.
437 1853 532 1917 Dem.
561 1875 588 1918 o.
609 1852 738 1938 Aphob.
760 1853 796 1918 II
824 1876 855 1939 p.
878 1852 940 1918 835
960 1855 980 1933 ὅ
1004 1856 1039 1936 13
1071 1853 1227 1919 aooedunt
1254 1875 1345 1939 prae-

253 1996 344 2052 terea
363 1986 497 2051 Isocrat.
527 2008 553 2050 o.
577 1986 701 2051 Gallim.
731 1989 751 2067 ξ
772 1986 814 2050 48
843 1996 876 2052 et
897 1990 917 2067 ὅ
938 1987 980 2051 60
1005 1984 1103 2074 [Lys]
1126 2008 1183 2072 pro
1206 1986 1344 2071 Polystr.

253 2121 274 2200 ξ
306 2119 364 2203 23,
399 2117 566 2184 Demosth.
611 2141 638 2184 o.
674 2118 803 2205 Aphob.
841 2118 859 2182 I
896 2141 927 2205 p.
964 2120 1025 2184 815
1060 2122 1080 2200 ξ
1112 2118 1132 2183 8
1163 2116 1281 2206 [Dem]
1305 2140 1344 2182 o.

255 2250 432 2337 Phaenipp.
455 2274 486 2337 p.
510 2252 591 2316 1045
611 2253 631 2331 ξ
652 2251 703 2315 23.
746 2249 857 2315 Verba
878 2250 919 2314 ad
940 2260 1136 2336 postremum
1157 2250 1345 2336 Apollodori

254 2407 281 2449 o.
302 2384 412 2472 Steph.
444 2385 461 2450 Ι
482 2407 513 2471 p.
537 2384 616 2450 1121
639 2387 659 2466 ὅ
680 2384 721 2450 66
751 2382 808 2450 ἐπὶ
837 2387 887 2470 τῷ
915 2376 976 2470 τὴν
1003 2376 1106 2450 πόλιν
1134 2376 1270 2469 φεύγειν
1289 2383 1346 2449 καὶ

253 2512 296 2584 τὰ
317 2510 400 2584 ὄντα
421 2508 700 2604 ἀποκρύπτεσθαι
726 2511 913 2604 προῄρηται
940 2511 1112 2603 πράττειν,
1133 2514 1175 2581 ἵν’
1195 2515 1347 2603 ἐργασίας

253 2639 393 2733 ἀφανεῖς
414 2644 467 2716 διὰ
489 2654 548 2737 τῆς
568 2651 732 2737 τραπέζης
753 2655 891 2737 ποιῆται
910 2651 966 2715 καὶ
979 2643 1062 2735 μήτε
1081 2652 1205 2736 χορηγῇ
1225 2672 1255 2714 κ.
1270 2671 1300 2714 τ.
1315 2652 1343 2714 λ.

253 2786 416 2870 pertinent
436 2807 501 2849 non
521 2794 588 2850 tam
613 2783 654 2849 ad
682 2783 855 2849 secundam
883 2804 979 2869 quam
1000 2782 1040 2847 ad
1068 2783 1196 2847 tertiam
1224 2781 1345 2866 signifi·

254 2919 388 2983 cationis
416 2919 565 3001 classem,
595 2918 636 2983 ad
664 2920 794 2984 tertiam
825 2917 910 3004 quod
941 2919 1091 3003 quoniam
1121 2907 1250 3003 ἀφανὴς
1278 2926 1346 2982 erat

254 3054 406 3140 pecunia,
435 3051 591 3118 tributum
612 3074 677 3117 non
699 3051 852 3139 pependit
873 3050 1075 3137 Stephanus,
1103 3045 1344 3135 ad'seoundam,

255 3185 340 3272 quod
362 3210 400 3252 ea
421 3187 545 3252 ratione
575 3208 742 3272 possessor
769 3207 840 3250 eam
869 3186 1042 3249 immunem
1068 3183 1238 3268 reddidit,
1256 3181 1346 3254 utin

253 3341 365 3384 mensa
386 3319 569 3405 deponeret.
598 3318 803 3405 Quapropter
822 3316 884 3383 hoo
902 3327 951 3383 est
961 3317 1151 3402 Koutorgae
1172 3315 1346 3381 coneeden-

255 3453 347 3537 dum,
373 3473 469 3538 saepe
489 3451 650 3536 homines,
683 3461 719 3516 ut
740 3451 861 3517 tributa
882 3450 1076 3534 effugerent,
1105 3470 1252 3514 nummos
1271 3469 1345 3514 suos

253 3586 411 3649 mensario
435 3584 614 3667 tradidisse,
636 3583 809 3648 tenendum
831 3592 948 3667 tamen,
970 3605 1036 3648 non
1053 3604 1163 3649 omnes
1184 3581 1345 3668 pecunias,

255 3738 337 3822 (puae
358 3719 392 3781 in
412 3738 524 3781 mensa
544 3737 615 3781 oum
634 3717 775 3781 iacerent
796 3705 935 3798 ἀφανεῖς
957 3714 1019 3780 dici
1040 3723 1223 3801 potuerunt,
1250 3714 1346 3778 etiam

254 3852 410 3915 immunes
451 3849 550 3915 fuisse
590 3871 695 3935 neque
734 3851 839 3934 magis
880 3848 1074 3934 putandum,
1116 3849 1144 3911 si
1178 3847 1347 3932 pecuniam

253 3973 365 4069 ἀφανῆ
414 4005 484 4048 esse
523 3984 719 4047 nominatam
758 3982 896 4047 vidimus
937 3982 971 4053 in
1013 3980 1132 4066 Lysiae
1176 4001 1202 4043 o.
1247 3979 1345 4062 Diog.

255 4119 415 4200 oratione,
448 4126 617 4201 propterea
657 4112 696 4178 de
735 4136 774 4179 ea
814 4113 893 4179 nihil
925 4101 1136 4177 contribuisse
1168 4109 1345 4176 Diodotum

254 4260 287 4318 et
315 4250 534 4334 Diogitonem.
577 4246 701 4327 Quodsi
728 4248 926 4332 quaerimus,
959 4259 1038 4330 quas
1065 4246 1265 4330 potissimum
1294 4264 1346 4307 res
