3084 4800
649 487 849 554 ‚29-

203 686 278 759 tam,
300 694 493 760 quamquam
507 695 548 738 nc
561 672 623 738 hoc
640 671 768 758 quidem
790 670 882 755 facio,
904 679 1012 734 tamen
1034 668 1190 756 oppositio
1214 689 1295 753 quae

203 818 252 873 est
262 809 346 873 inter
359 829 454 872 voces
467 804 594 892 ἔγγειον
609 815 641 870 et
655 797 833 882 ναυτικοὺς
847 826 973 889 semper
986 811 1139 868 remanet.
1181 802 1296 888 Itaque

202 961 388 1026 persuasum
417 937 519 1003 babeo
545 939 600 1023 agi
624 937 775 1022 pecunias
805 947 861 1033 aut
893 937 997 1000 usuris
1018 934 1222 1000 terrestribus
1241 944 1297 998 aut

202 1073 370 1139 maritimis
406 1071 590 1154 elocaudas,
622 1071 725 1134 vetari
761 1070 860 1152 igitur
896 1078 1018 1133 tutores
1056 1067 1228 1132 liberorum
1261 1089 1296 1132 re

172 1194 174 1197 ¹
202 1206 351 1271 familiari
381 1205 421 1271 ad
461 1205 625 1289 pactiones
652 1201 829 1266 maritimas
857 1199 1011 1264 ineundas
1040 1201 1096 1264 uti.
1145 1201 1191 1266 At
1217 1200 1294 1286 Lys.

128 1382 132 1387 =
203 1361 229 1402 c.
252 1338 349 1422 Diog.
379 1336 461 1418 §25
488 1334 624 1420 prodere
652 1334 780 1398 videtur
808 1333 934 1397 licuisse
954 1332 1123 1416 Diogitoni
1145 1352 1218 1401 rem
1239 1354 1295 1418 pu·

145 1481 147 1484 ⁴
202 1471 351 1555 pillorum
378 1469 419 1534 ad
445 1470 577 1553 negotia
605 1467 765 1534 maritima
795 1465 955 1530 adhibere.
1004 1466 1051 1530 At
1078 1487 1149 1531 meo
1165 1466 1295 1530 iudicio

202 1612 290 1668 tutor
320 1603 373 1668 ille
405 1602 544 1689 perfidus
571 1624 636 1666 non
667 1602 844 1685 castigatur
865 1599 906 1664 ab
928 1609 1071 1683 oratore,
1102 1599 1186 1685 quod
1208 1600 1295 1664 lucro

203 1738 270 1823 ipse
284 1737 406 1802 fructus
423 1738 473 1821 sit,
496 1735 552 1801 scd
567 1737 643 1822 quia
662 1757 780 1800 navem
801 1735 991 1820 pupillorum
1012 1755 1141 1799 suorum
1162 1735 1298 1819 pecunia

203 1880 399 1937 exstructam
426 1871 459 1934 in
490 1892 577 1935 mare
598 1869 777 1937 Adrianum
807 1870 902 1934 misit.
946 1868 1037 1947 Quae
1066 1889 1138 1931 cum
1166 1867 1212 1931 ita
1232 1868 1297 1931 sint

204 2025 332 2073 causam
347 2025 496 2068 essenon
512 2002 605 2068 video
623 2025 679 2068 cur
698 2002 854 2067 Boeckbii
873 2003 1063 2066 sententiam
1084 1999 1295 2101 repudiemus.

203 2136 382 2203 Voluerunt
396 2145 503 2200 autem
517 2136 655 2200 maxime
669 2134 751 2199 duae
766 2135 807 2199 de
821 2158 857 2200 re
872 2134 1022 2200 orborum
1044 2133 1297 2199 administranda

203 2271 307 2354 leges,
335 2290 400 2334 uua
432 2267 606 2335 secundum
637 2289 733 2355 quam
765 2266 922 2332 tutoribus
955 2265 1071 2331 licebat
1092 2277 1147 2332 aut
1171 2267 1296 2333 illorum

204 2404 339 2489 pecunia
367 2425 462 2488 agros
499 2424 604 2467 emere
626 2402 734 2486 (Dem.
758 2424 784 2465 c.
806 2400 906 2467 Naus.
929 2404 948 2481 ἓ
972 2403 1004 2485 7)
1041 2412 1096 2467 aut
1116 2423 1185 2466 rem
1206 2402 1296 2466 fami-

202 2536 314 2600 liarem
336 2536 459 2601 elocare
481 2534 536 2617 (cf.
551 2535 628 2621 Lys.
648 2558 674 2599 c.
696 2535 794 2620 Diog.
816 2538 836 2616 ξ
856 2536 923 2620 23),
945 2536 1047 2601 altera
1068 2556 1150 2622 quae
1172 2545 1296 2601 tutores

205 2669 260 2753 qui
288 2668 410 2733 elocare
438 2670 618 2735 maluerunt
624 2719 635 2754 ,
662 2679 699 2734 ut
725 2670 1070 2756 usurisltantummodo
1093 2669 1296 2735 terrestribus

202 2809 313 2865 mutuo
327 2799 441 2867 darent
457 2801 630 2867 obstrinxit
644 2802 773 2887 (fragm.
784 2802 887 2888 Lys.).
931 2801 1025 2881 Quod
1040 2803 1167 2888 quidem
1180 2805 1296 2868 miran-

204 2932 279 2996 dum
293 2954 358 2997 non
373 2942 422 2999 est
436 2956 507 2998 cum
521 2936 556 2999 in
569 2935 769 3020 pactionibus
791 2936 959 3000 maritimis
981 2937 1009 3000 si
1030 2936 1121 3000 navis
1143 2937 1195 3002 vel
1215 2957 1297 3000 mer·

198 3087 256 3159 'ces
277 3087 360 3151 quae
380 3058 508 3152 pignori
529 3076 628 3150 erant,
650 3077 706 3131 aut
725 3065 877 3131 damnum
898 3067 1067 3162 capiebant
1089 3078 1145 3164 aut
1165 3090 1296 3153 prorsus
1413 3081 1416 3085 ’

203 3197 368 3284 peribant,
400 3199 538 3264 creditor
569 3210 625 3265 aut
653 3209 779 3285 partem
807 3202 960 3286 pecuniae
980 3210 1036 3265 aut
1058 3222 1184 3266 omnem
1205 3202 1296 3268 amit-

204 3342 295 3397 teret.
318 3332 569 3412 Quodsitutores
577 3356 646 3400 rem
656 3334 848 3419 pupillorum
857 3334 981 3399 elocare
990 3335 1168 3418 voluerunt,
1179 3335 1296 3419 magis-

205 3473 324 3530 tratum
354 3465 500 3531 adierunt
528 3476 564 3531 ut
597 3468 738 3532 mitteret
759 3468 815 3553 qui
843 3469 979 3552 pignora
999 3466 1183 3552 praebenda
1203 3468 1296 3533 aesti-

205 3607 330 3662 marent
344 3597 398 3683 (cf.
419 3597 521 3686 Harp.
541 3622 566 3664 s.
590 3621 620 3663 v.
643 3597 856 3686 ἐπιτιμηταί).
900 3598 1030 3678 Quanta
1050 3601 1205 3685 religione
1226 3623 1298 3667 cum

205 3705 418 3795 Athenienses
446 3733 479 3795 in
503 3731 653 3834 orborum
674 3733 866 3815 patrimonio
887 3732 1139 3798 administrando
1162 3735 1297 3820 egerint,

206 3861 269 3925 iam
298 3862 369 3928 ideo
398 3865 453 3928 vix
488 3875 537 3931 est
570 3865 720 3931 credibile
749 3867 936 3952 permissum
967 3866 1066 3932 fuisse
1091 3889 1201 3932 eorum
1228 3890 1297 3933 rem

206 3993 395 4060 familiarem
417 3999 515 4062 tantis
538 3997 667 4063 credere
687 4001 844 4084 periculis.
