3084 4800
714 452 901 519 ..g-

262 641 441 728 νείμοισδαι
461 638 498 722 ἐξ
517 639 588 728 ίσῆς
607 632 671 727 τῆν
691 628 817 720 οὐσίαν,
842 629 903 725 ὅση
924 632 1052 725 φανερά
1073 661 1110 704 τε
1132 624 1248 723 ἦνκαὶ
1269 627 1355 722 ὡμο-

263 775 443 862 λογημένη,
471 779 568 859 κοινῆ
602 774 638 840 δὲ
674 779 785 860 ζητεῖν
810 766 852 839 τὰ
879 762 1005 858 ἀφανῆ,
1033 771 1147 858 quibus
1175 762 1356 856 eongruunt

264 933 346 999 quae
371 912 404 975 in
431 910 530 996 ipsius
552 909 704 973 orationis
726 910 767 989 ἐξ
789 908 818 974 9.
840 907 890 973 33.
903 907 962 972 35.
984 908 1198 993 inveniuntur.
1240 905 1355 992 Neque

179 1086 184 1097 ·
263 1046 355 1111 aliter
375 1041 535 1107 Isocrates
563 1042 597 1105 in
625 1041 846 1125 Areopagitioi
866 1043 886 1121 ξ
907 1040 949 1105 33
977 1061 1048 1126 sqq.
1077 1039 1245 1125 distinguit
1272 1040 1356 1104 inter

263 1177 432 1264 pecunias,
460 1180 541 1260 quae
567 1182 678 1238 mutuo
707 1172 803 1238 datae
830 1183 905 1239 sunt
938 1167 994 1257 (τὰ
1026 1171 1089 1255 teo
1118 1173 1293 1259 δεδομένα)
1322 1180 1355 1236 et
1426 1217 1431 1225 -

186 1401 188 1406 ,
264 1330 347 1394 quae
361 1306 448 1372 domi
462 1314 630 1372 servantur
645 1298 701 1390 (τὰ
720 1303 818 1372 ἔνδον
838 1295 1054 1391 ἀποκείμενα)
1075 1316 1173 1392 atque
1192 1306 1280 1371 illum
1301 1306 1355 1391 qui

264 1440 392 1506 divitias
406 1461 481 1507 suas
496 1438 582 1504 domi
604 1438 727 1505 clausas
749 1448 838 1505 tenet
858 1429 1138 1525 duoxpdusoodut
1158 1431 1220 1524 τῆν
1240 1428 1356 1505 οάσίαν

152 1621 154 1624 ⁴
264 1573 342 1639 nort
363 1577 398 1655 (s
419 1572 484 1657 35).

346 1706 412 1774 Sed
447 1728 640 1793 quemquam
674 1706 723 1771 his
761 1705 909 1772 omnibus
944 1706 1096 1792 exemplis
1122 1706 1290 1791 pecuniam
1316 1727 1356 1770 ex

264 1848 355 1925 parte
386 1848 512 1904 tantum
536 1828 648 1925 ἀφανῆ
668 1839 767 1905 fuisse
788 1839 949 1924 doeemur,
971 1848 1079 1904 tamen
1100 1840 1133 1903 in
1153 1862 1189 1904 re
1209 1838 1358 1903 familiari

263 1993 335 2039 eam
348 1993 445 2057 saepe
455 1970 499 2036 'ab
511 1971 690 2071 oratoribus
711 1972 831 2037 factam
853 1994 923 2038 esse
944 1971 1181 2037 distinctionem
1202 1970 1356 2055 videmus,

263 2114 299 2171 ut
324 2105 461 2190 pecunia
489 2105 591 2170 omnis
621 2105 783 2179 aeeteris
811 2104 923 2189 rebus,
954 2126 1036 2190 quae
1062 2106 1190 2169 nomine
1211 2108 1358 2190 φανερᾶς

263 2226 376 2314 οὐσίας
425 2235 752 2323 comprehenduntur,
792 2237 979 2320 seiungatur
1026 2237 1151 2322 illisque
1193 2246 1358 2324 tamquam

264 2359 360 2438 οάσία
376 2357 504 2455 ἀφανῆς
519 2378 707 2456 opponatur.
750 2368 923 2446 Nemeum
949 2371 1090 2435 omnium
1110 2392 1217 2436 rerum
1239 2371 1358 2456 optime

263 2506 415 2591 pecunia,
444 2506 562 2592 quippe
590 2519 672 2592 quae
701 2503 814 2570 domus
842 2504 921 2572 loeis
950 2506 1082 2571 seeretis
1103 2506 1225 2572 servari
1246 2505 1356 2590 soleat,

264 2637 456 2704 dissimulari
476 2638 587 2724 possit,
609 2636 687 2714 illud
708 2637 831 2703 factum
847 2647 906 2723 est,
927 2647 964 2703 ut
985 2639 1358 2725 oeeultaepossessionis

265 2771 353 2836 notio
367 2770 402 2836 in
415 2770 552 2856 pecunia
566 2771 656 2856 quasi
676 2769 832 2855 haereret,
854 2772 899 2836 ita
918 2779 956 2836 ut
977 2771 1141 2835 etiamtum
1162 2762 1291 2856 ἀφανῆς
1312 2770 1357 2836 di·

265 2912 390 2970 ceretur
424 2925 496 2969 cum
519 2925 644 2970 »revera
670 2903 712 2968 ab
741 2902 924 2969 hominibus
952 2903 1114 2968 aestimari
1141 2905 1254 2990 potuit.
1303 2903 1359 2971 Sie

264 3036 380 3122 Lysias
402 3045 480 3110 orat.
503 3058 529 3102 o.
545 3036 644 3121 Diog.
665 3039 686 3118 ξ
706 3036 728 3101 4
749 3025 904 3121 (ἀδελφοὶ
924 3022 1008 3122 ῆσαν
1028 3029 1188 3112 Διόδοτος
1209 3038 1265 3102 καὶ
1285 3038 1358 3102 Διο·

263 3171 385 3255 γείτοον
411 3172 467 3236 καί
495 3163 558 3256 τῆν
577 3159 690 3257 ἀφανῆ
720 3159 837 3237 οὐσίαν
858 3168 1049 3256 ἐνείμαντο,
1077 3174 1136 3256 τῆς
1156 3170 1192 3236 δὲ
1214 3175 1359 3257 φανερᾶς

265 3296 482 3388 ἐκοινώνουν)
497 3326 577 3370 voce
598 3293 727 3391 ἀφανὴς
748 3292 844 3371 oriola
865 3306 1034 3391 pecuniam
1054 3305 1125 3370 sine
1144 3303 1241 3369 dubio
1262 3306 1359 3389 signi·

265 3435 356 3521 licat,
384 3458 456 3501 oum
477 3437 548 3521 agri
569 3445 602 3501 et
622 3436 735 3502 domus
756 3446 789 3502 et
809 3437 894 3501 servi
915 3446 947 3502 et
967 3437 1110 3522 supellex
1132 3437 1276 3522 aliaeque
1296 3459 1357 3523 res,

267 3589 349 3654 quae
378 3568 507 3655 quidem
532 3569 637 3634 minus
664 3568 746 3634 bene
768 3541 919 3634 occultari
939 3571 1080 3655 possint,
1112 3572 1253 3656 φανεραὶ
1274 3569 1359 3636 haud

266 3703 349 3772 male
376 3701 417 3767 ab
448 3724 486 3767 eo
513 3703 726 3768 nominentur.
764 3701 885 3789 ‘Neque
904 3703 1009 3767 minus
1030 3701 1141 3768 Isaeus
1163 3701 1203 3768 de
1223 3701 1359 3769 Philoot.

267 3834 375 3902 hered.
403 3839 424 3919 ξ
450 3837 492 3902 30
521 3840 594 3924 (τῆς
621 3829 684 3923 γὰρ
705 3840 852 3923 φανερᾶς
880 3825 993 3915 οὐσίας
1014 3824 1135 3902 οὐδένα
1156 3829 1274 3922 κύριον
1294 3833 1360 3904 dos-

269 3974 351 4036 σδαι
370 4006 413 4017 -·
435 3969 464 4034 εί
484 3968 520 4038 δέ
543 3957 787 4054 ἀποδιδόμενός
806 3992 841 4034 τι
860 3973 931 4034 τῶν
951 3958 1063 4035 ὄντων
1083 3957 1241 4054 ἀργύριον
1261 3993 1360 4035 κατα-

266 4101 374 4186 λίποι)
390 4102 466 4188 quia
478 4090 638 4188 ἀργύριον
652 4102 785 4187 opponit
799 4105 927 4191 φανερᾷ
942 4090 1038 4191 οὐσίᾳ
1055 4100 1172 4187 prodit,
1193 4103 1360 4186 pecuniam

268 4255 340 4300 esse
353 4222 465 4320 ἀφανῆ
478 4235 531 4299 vel
547 4222 708 4317 ἀφανέσιν
728 4231 1009 4319 adnumerandam,
1031 4255 1103 4298 oum
1124 4255 1181 4299 eae
1200 4256 1262 4318 res,
1284 4256 1359 4321 que·
